3908 6096
116 305 176 366 397
399 306 610 370 expostulo
631 307 671 370 IN
695 307 909 371 uulsuotas
931 305 1061 371 PAULl.
1078 339 1117 354 -
1132 308 1171 370 ΙΝ
1193 307 1320 371 uulsi.
1342 309 1354 370 l
1377 310 1430 369 AD
1452 309 1541 371 COR.
1762 307 1821 370 398

117 437 260 509 Sequitur
287 455 294 493 :
323 443 357 496 lit
377 448 437 512 post
460 441 529 507 doec,
544 441 681 512 undecim,
706 443 823 514 quando
851 441 944 497 abluit
957 443 985 510 Α
1034 441 1194 513 Sequitur:
1218 443 1317 500 Gratia
1339 444 1388 499 Dei
1408 460 1470 499 sum
1493 442 1521 498 id
1545 442 1616 516 quod
1640 459 1720 505 eum,·
1736 443 1821 516 quasi

118 525 248 583 Thomas
262 529 353 596 (icoc.
369 545 416 599 xx,
432 529 487 600 2i).
1001 530 1110 586 diceret
1126 548 1132 586 :
1150 531 1242 586 lllnlta
1256 537 1326 589 sunt
1342 532 1454 603 merite,
1468 533 1520 588 sed
1533 531 1670 603 malatet,
1687 532 1757 605 quia
1768 547 1821 606 pro

153 615 294 687 Sequitur
310 633 316 672 :
335 617 442 674 Deinde
458 619 607 691 plusquam
630 621 784 692 quinpenlis
797 620 944 692 tratribus.
1001 619 1078 675 mulo
1093 619 1239 675 redditum
1254 626 1299 676 est
1313 621 1356 678 illi
1372 623 1492 690 bonum,
1504 621 1544 677 ait
1561 637 1567 677 ε
1584 618 1679 678 Gratia
1694 623 1746 678 liei
1760 637 1822 678 eom

117 704 298 777 Notandum,
309 704 378 777 quia
392 706 452 762 base
467 707 676 779 apparitionon
691 708 799 782 legitur
812 709 841 763 in
852 707 944 763 Eleon·
1000 708 1029 764 id
1043 710 1116 780 quod
1128 726 1208 771 saca,⁸
1223 707 1252 764 id
1277 714 1331 779 est,
1348 712 1425 784 quod
1446 728 1513 768 sum
1529 709 1633 777 fidelis,
1654 711 1732 783 quod
1747 711 1821 784 Apo·

118 793 216 867 galiis.
231 794 423 868 Evangeliste
438 811 555 868 quoque
570 797 666 854 decies
681 798 866 854 solummodo
883 813 946 853 nar·
1000 797 1105 866 stolus,
1118 799 1194 869 quod
1206 799 1307 854 doctor
1316 800 1447 871 gentium
1460 800 1490 855 in
1501 800 1570 867 fide,
1581 803 1609 855 et
1619 798 1750 870 veritate,
1762 813 1821 853 non

119 885 456 956 rantcumapparuisee;
469 887 548 941 unde
558 885 670 959 liquido
682 886 946 959 monstratur,quia
1001 886 1058 942 mei
1072 890 1118 942 est
1132 886 1240 954 meriti,
1256 887 1307 943 sed
1332 887 1435 943 divinae
1450 888 1561 962 gratie.
1578 887 1627 944 liis
1642 886 1737 944 verbis
1752 902 1822 943 con·

120 970 945 1048 multisoliisvicibusepparuitquamevangelistaecom·
1000 975 1130 1042 demnat,
1156 980 1184 1031 et
1208 975 1341 1047 reprimit
1363 992 1464 1032 eorum
1489 976 1693 1045 temeritatem,
1719 974 1770 1050 qui
1794 977 1823 1032 et

120 1069 294 1117 memorent.
312 1060 356 1117 llll
375 1078 444 1135 ergo
459 1080 509 1119 eas
525 1063 621 1120 solum
647 1065 811 1121 describere
826 1080 944 1120 curave·
1000 1063 1091 1121 libero
1103 1066 1292 1136 sejactantor
1307 1064 1445 1120 arbitrio:
1460 1069 1489 1121 at
1499 1065 1557 1133 ille,
1570 1067 1619 1138 qui
1636 1065 1823 1121 divinarem·

119 1154 201 1217 runt,
218 1166 292 1222 quas
307 1150 343 1205 ad
368 1149 603 1216 instructionem.
620 1156 648 1208 et
672 1154 804 1209 omnium
820 1153 945 1209 salutem
1000 1155 1156 1209 mendatur
1169 1153 1273 1226 gratie,
1289 1168 1324 1209 ne
1339 1153 1452 1209 alienus
1468 1170 1485 1208 a
1499 1152 1589 1210 libero
1604 1153 1737 1210 videatur
1748 1151 1824 1210 arbi·

120 1238 259 1294 sufficere
276 1238 474 1296 decreverunt.
492 1242 572 1307 Quod
589 1242 631 1296 ait
646 1260 652 1296 :
668 1243 764 1310 simul,
781 1246 880 1297 ulrum
893 1258 946 1296 uo·
999 1241 1066 1309 trio,
1082 1241 1179 1314 inquit
1194 1259 1201 1297 :
1218 1244 1249 1299 Et
1272 1243 1364 1312 prolia
1378 1243 1436 1311 eius
1450 1243 1481 1296 in
1504 1257 1548 1296 cte
1570 1257 1661 1298 vocuo
1683 1258 1739 1298 non
1750 1243 1823 1312 licit,

120 1327 227 1394 decim,
240 1344 275 1382 an
286 1327 398 1384 viritim
408 1328 522 1402 viginti,
534 1347 591 1386 non
602 1331 674 1387 setis
685 1331 786 1388 claret.
796 1331 944 1404 Sequitur:
1000 1331 1060 1387 sive
1076 1347 1177 1403 egena.
1203 1333 1296 1397 Quare
1320 1347 1378 1387 non
1403 1329 1518 1386 vacua‘l
1531 1330 1605 1395 Quia
1628 1345 1727 1386 meum
1751 1328 1824 1388 velle

119 1416 163 1472 Es
173 1416 274 1488 quibus
287 1417 372 1474 mulli
384 1421 516 1481 innuen&
532 1420 616 1493 quasi
631 1420 771 1477 dixisset:
788 1421 841 1487 Qui
857 1421 946 1476 inter·
1000 1420 1185 1492 praevenienti
1201 1420 1300 1493 gratie
1317 1419 1424 1476 sociavi
1440 1419 1524 1491 (635).
1544 1417 1702 1490 Subjunxit
1716 1423 1746 1475 et
1759 1435 1823 1475 ver·

119 1505 226 1578 rogati,
243 1505 394 1563 veritatem
410 1509 562 1565 ostendero
572 1515 693 1581 queunt,
710 1511 810 1566 Deinde
823 1511 948 1567 dissecet
1001 1509 1038 1566 ba
1053 1509 1089 1564 ad
1105 1509 1240 1565 eumdem
1260 1525 1380 1566 sensum
1395 1506 1549 1565 attinentia
1565 1525 1571 1563 :
1589 1505 1643 1563 Sed
1655 1507 1718 1580 plue
1731 1503 1824 1563 omni·

120 1593 232 1652 luccio.
249 1595 358 1653 Revera
373 1613 431 1652 non
442 1597 492 1653 illa
502 1605 546 1655 est
561 1598 622 1655 haec
636 1597 791 1671 apparitio,
806 1616 864 1671 qua
878 1614 945 1654 oum
1002 1598 1050 1654 litu
1067 1598 1198 1672 laborovi.
1215 1598 1247 1653 In
1263 1614 1296 1654 eo
1312 1613 1449 1670 namque,
1465 1596 1543 1670 quod
1559 1595 1639 1664 dicit,
1654 1596 1728 1669 plue,
1740 1610 1825 1652 mon·

120 1681 189 1739 aliis
203 1698 272 1740 eum
285 1683 407 1752 viderat,
419 1687 470 1742 sed
486 1685 655 1760 singularis.
667 1689 732 1760 Ipse
745 1704 813 1743 vero
827 1688 857 1743 in
869 1686 947 1743 mul·
1002 1690 1114 1742 stratur
1129 1685 1198 1760 quia
1223 1687 1316 1757 major
1330 1690 1375 1742 est
1389 1684 1432 1743 illi
1452 1686 1521 1742 deta
1535 1684 1649 1742 occasio
1671 1681 1825 1740 laborandi

120 1771 162 1827 tis
175 1772 357 1844 argumentis
367 1790 398 1830 se
409 1775 563 1832 ostendere
574 1775 668 1831 voluit
681 1793 688 1843 ;
703 1775 758 1832 boo
772 1781 828 1845 est,
838 1776 946 1832 viritim
1001 1791 1090 1848 quam
1097 1775 1208 1831 ceteris
1220 1760 1406 1846 apostolis,eo
1418 1774 1495 1847 quod
1503 1772 1633 1830 nidulum
1644 1772 1825 1847 apostolatus

120 1860 218 1931 Petro,
243 1879 322 1919 nunc
347 1863 466 1931 iacebo,
492 1865 683 1921 nuncetiam
706 1864 889 1935 mulieribus,
914 1882 948 1922 ac
1003 1864 1115 1936 accepit
1136 1864 1166 1919 in
1189 1863 1338 1937 gentibus.
1363 1862 1463 1919 Ceteri
1488 1864 1596 1937 quippe
1621 1861 1758 1936 apostoli,
1774 1861 1825 1934 qui

120 1949 228 2007 deinde
242 1951 397 2024 discipulis
412 1952 560 2019 omnibns,
576 1952 685 2009 stallis
706 1954 827 2020 ceteris,
844 1959 876 2009 ut
891 1970 948 2027 quo
1003 1953 1133 2010 olllcium
1145 1951 1629 2024 apostolatusincircumcisionem
1641 1953 1825 2023 acceperant,

121 2040 187 2111 ejus
210 2041 385 2096 resurrectio
412 2041 568 2098 manifesta
591 2041 683 2109 lieret,
699 2059 732 2098 eo
755 2043 786 2098 in
811 2042 949 2098 cordibus
1004 2057 1071 2098 cum
1080 2041 1175 2098 iudei
1188 2040 1661 2114 notitiamlegis,etprophetarum
1673 2039 1825 2108 haberent,

120 2128 304 2185 credentium
320 2128 402 2185 nulla
417 2129 553 2187 dubietas
565 2135 738 2187 remaneret.
749 2131 853 2187 Deinde
866 2146 949 2202 opos·
1003 2135 1032 2188 et
1048 2146 1139 2186 unum
1156 2129 1247 2186 lleum
1263 2144 1328 2185 esse
1343 2133 1474 2200 nossent,
1491 2127 1606 2185 facilius
1618 2131 1753 2202 poterant
1762 2142 1825 2183 cor-

119 2218 186 2274 loli<
201 2218 336 2273 omnibus.
352 2219 436 2274 Forte
447 2223 475 2274 et
489 2219 700 2292 supradixerat
709 2219 845 2276 undecim
861 2236 948 2292 apos·
1004 2219 1091 2275 dibus
1105 2234 1206 2274 eorum
1232 2216 1378 2274 inculcare
1393 2216 1485 2274 Deum
1509 2217 1618 2273 habere
1639 2214 1758 2285 Filium,
1774 2213 1825 2288 qui

117 2305 193 2362 tolis
209 2323 216 2361 ι
232 2305 280 2362 hio
306 2306 494 2380 septuaginta
516 2307 580 2364 vult
604 2307 729 2381 intelligi
754 2309 895 2380 quoniam
921 2315 949 2366 et
1003 2307 1113 2365 missus
1128 2325 1145 2363 a
1158 2310 1382 2378 Patre,carnem
1396 2306 1569 2378 susceperit,
1584 2309 1614 2362 et
1628 2305 1765 2379 patiendo
1775 2318 1826 2378 gs·

120 2394 181 2468 ipsi
197 2393 291 2451 missi.
1003 2414 1059 2454 nus
1074 2397 1237 2453 humanum
1263 2395 1418 2453 redemerit
1434 2414 1441 2464 ;
1456 2411 1521 2453 esse
1535 2394 1623 2452 etiam
1639 2399 1669 2452 st
1683 2393 1826 2468 Spiritum

160 2483 301 2556 Sequitur
316 2501 324 2540 :
339 2484 490 2541 Nouissime
516 2493 608 2541 ouum
631 2488 766 2556 mnium,
783 2490 837 2543 etc.
862 2487 947 2558 Nam,
1003 2489 1149 2543 sanctum.
1165 2483 1238 2541 Huic
1260 2483 1477 2556 scilicetprima
1498 2482 1660 2540 necessitas
1673 2481 1826 2540 incumbe·

123 2572 195 2646 quie
209 2571 281 2628 dicit
302 2574 461 2641 nouissime,
478 2590 580 2631 omnes
601 2573 658 2630 ills
673 2574 735 2630 aliae
750 2576 949 2648 apparitiones
1002 2572 1063 2639 bat,
1078 2577 1111 2628 ut
1136 2571 1214 2628 idola
1228 2573 1410 2642 destrueret3
1426 2571 1529 2628 deinde
1545 2588 1639 2627 unum
1654 2587 1718 2628 esse
1734 2569 1827 2626 Deum

123 2665 191 2717 ante
215 2660 297 2716 facts
320 2662 471 2717 credendis
498 2666 576 2732 sunt,
602 2662 663 2719 sive
692 2668 771 2732 ante,
794 2664 856 2721 slve
881 2669 948 2737 post
1003 2667 1164 2718 creatorem
1179 2660 1313 2717 omnium
1332 2661 1518 2730 ostenderet;
1536 2659 1758 2717 exindeFilium
1773 2657 1826 2716 ha·

123 2749 337 2806 assensionem.
350 2749 512 2808 Novissime
524 2750 674 2820 videlicet,
686 2752 757 2825 quia
767 2758 833 2825 post
845 2769 948 2810 omnes
1003 2752 1081 2823 bere,
1093 2750 1143 2823 qui
1159 2751 1269 2806 missus
1279 2751 1367 2806 etiam
1379 2767 1396 2806 s
1411 2750 1504 2818 Patre,
1516 2754 1652 2822 suscepta
1664 2765 1762 2820 carne,
1774 2765 1825 2822 pa·

124 2838 296 2905 credidit,et
310 2840 453 2910 quiajam
469 2857 527 2896 non
538 2840 568 2895 in
583 2841 729 2907 terra,sed
744 2841 774 2896 in
790 2840 862 2898 ooelo
872 2859 949 2914 pre·
1002 2840 1112 2911 tiendo,
1128 2854 1221 2912 genus
1243 2839 1406 2895 humanum
1422 2841 1596 2908 redemerit;
1611 2855 1676 2895 esee
1690 2842 1719 2895 et
1733 2837 1825 2910 Spiri-

124 2927 235 2984 sidens
252 2928 422 2983 Abortivum
434 2928 570 2994 dicimus,
584 2929 661 3002 quod
678 2945 736 2985 non
753 2946 807 2985 suo
818 2934 949 3002 tempore
1003 2933 1067 2984 tum
1093 2931 1229 2983 sanctum
1255 2945 1261 2978 z
1286 2928 1342 2982 tria
1366 2927 1517 2994 vocabula,
1533 2932 1650 2998 tresque
1674 2941 1825 2998 personas,

126 3017 265 3073 nascitur.
282 3015 454 3071 Abortivum
469 3031 501 3071 se
525 3015 599 3070 dicit
614 3017 787 3088 Apostolusq
806 3019 875 3090 quia
890 3035 948 3073 non
1004 3033 1097 3073 unum
1114 3020 1212 3071 tamen
1224 3030 1289 3071 esee
1303 3015 1405 3071 Deum.
1418 3020 1458 3070 Ao
1474 3031 1525 3087 per
1539 3015 1593 3072 hoc
1610 3015 1677 3087 plue
1688 3013 1827 3070 omnibus

124 3103 326 3178 inpraesentia
351 3103 467 3160 Domini
488 3103 622 3172 credidit,
638 3103 683 3161 vel
706 3111 794 3173 certe,
809 3106 880 3178 quia
893 3107 948 3162 im·
1003 3104 1156 3163 laboravit.
1173 3103 1365 3176 Quapropter,
1379 3119 1415 3160 ns
1424 3104 1479 3160 sibi
1489 3104 1543 3161 hoo
1558 3103 1702 3160 ascribere
1710 3102 1825 3158 videre-

124 3196 286 3268 perlectum
302 3209 381 3261 eum,
397 3193 427 3247 id
443 3196 489 3248 est
500 3195 651 3248 mortuum
665 3210 815 3267 synagoge
829 3195 948 3267 genuit;
965 3177 987 3245 C
1006 3198 1064 3263 tur,
1083 3211 1150 3249 moa
1161 3192 1274 3248 addidit
1289 3210 1296 3248 :
1312 3192 1373 3248 Noc
1387 3195 1480 3248 cutm
1493 3206 1541 3263 ego
1556 3211 1564 3246 ε
1581 3191 1641 3259 ubi,
1658 3208 1725 3248 cum
1740 3190 1825 3261 dicit,

124 3283 187 3341 sive
216 3281 285 3353 qnia
313 3279 441 3336 lllcclcsia
470 3280 506 3335 de
533 3280 598 3352 ejus
622 3282 811 3339 conversione
835 3282 950 3340 diillde-
1003 3300 1058 3341 non
1073 3298 1131 3355 epo,
1147 3298 1204 3337 non
1220 3297 1252 3337 se
1265 3281 1395 3337 ostendit
1409 3297 1466 3337 non
1488 3279 1630 3351 laborare,
1646 3282 1697 3337 sed
1713 3280 1825 3351 absque

124 3371 189 3427 bat.
1004 3372 1099 3446 gratis
1112 3370 1244 3427 laborare
1263 3386 1322 3425 non
1347 3386 1443 3442 posse.
1458 3369 1541 3426 Unde
1554 3373 1583 3426 et
1605 3386 1673 3426 mox
1687 3367 1801 3426 addidit
1817 3383 1826 3424 z

163 3456 306 3529 Sequitur
321 3472 327 3513 :
348 3458 424 3514 Visus
438 3466 478 3514 cet
491 3458 562 3512 mibi
575 3457 605 3513 in
620 3457 666 3514 via
681 3458 749 3531 (Aet.
761 3477 799 3529 rx,
815 3460 853 3532 3),
870 3461 952 3517 visus
1007 3461 1057 3519 Sed
1071 3462 1171 3536 gratio
1178 3460 1227 3515 Dei
1241 3475 1358 3516 mecum.
1372 3459 1483 3523 Quibus
1497 3459 1594 3515 verbis
1602 3459 1730 3516 ostendit
1740 3457 1827 3531 (cel),

127 3550 172 3604 est
189 3545 219 3600 in
245 3545 365 3619 templo.
390 3545 551 3617 Sequitur:
567 3546 712 3618 Epcenim
734 3565 797 3604 sum
818 3551 952 3606 minimae
1008 3551 1077 3624 quia
1091 3565 1144 3606 neo
1157 3548 1253 3622 gratia
1274 3549 1338 3606 sine
1360 3547 1452 3604 libero
1477 3548 1609 3617 arbitrio,
1626 3564 1679 3604 neo
1703 3547 1830 3604 liberum

129 3632 339 3708 apostolorum
353 3650 412 3690 non
425 3634 539 3702 merito,
556 3635 689 3708 inquam,
707 3653 764 3692 non
780 3654 876 3710 opere,
894 3655 953 3695 non
1008 3638 1162 3697 arbitrium
1186 3638 1250 3694 sine
1273 3638 1368 3712 gratia
1382 3637 1512 3694 bominis
1536 3640 1661 3695 salutem
1683 3641 1830 3709 operatur.

130 3723 233 3797 gratia,
259 3724 310 3780 sed
334 3727 474 3797 tempore.
500 3725 553 3793 Qui
575 3740 630 3780 non
648 3741 710 3781 sum
737 3725 838 3796 dignus
861 3729 955 3785 vocari
1009 3733 1146 3786 Attamen
1184 3732 1322 3801 operatur
1356 3728 1450 3798 gratie
1476 3728 1540 3783 sine
1579 3727 1670 3783 libero
1699 3725 1832 3794 arbitrio,

128 3812 275 3886 apostolus.
301 3812 428 3879 Quare?
450 3812 520 3881 Quia
541 3822 781 3885 perscrutatorem
808 3817 957 3872 Ecclesiam
1010 3816 1225 3892 preveniendo,
1251 3815 1500 3887 quemadmodum
1525 3816 1616 3872 istum
1640 3815 1677 3869 de
1697 3814 1768 3870 eoelo
1784 3830 1834 3868 vo·

130 3901 188 3958 uei.
204 3900 287 3965 Nota,
304 3900 384 3972 quie,
401 3916 469 3956 cum
484 3917 543 3957 non
570 3902 767 3957 commisisset
783 3908 849 3974 post
861 3904 957 3976 bapti·
1012 3907 1115 3962 cando.

130 4006 230 4046 smum
241 4006 304 4061 quae
314 3988 553 4061 delleret,eaques
564 3994 631 4046 ante
644 3989 823 4061 baptismum
835 3992 957 4047 commi·
1048 3992 1210 4065 Sequitur:
1227 3991 1289 4046 Siue
1303 3992 1378 4046 enim
1398 4006 1459 4061 ego,
1487 3993 1543 4046 sive
1566 3990 1623 4059 illi,
1638 3993 1692 4046 ete.
1710 3989 1750 4045 De
1766 3988 1831 4061 qui·

131 4079 293 4149 serat,jam
305 4077 573 4134 dimissadellebat.
585 4077 959 4151 Meminerat,inquam‚l)o·
1013 4085 1068 4140 bus
1085 4079 1178 4137 dicit?
1192 4081 1232 4136 De
1251 4079 1311 4135 illis
1334 4078 1478 4148 videlicet,
1494 4080 1602 4151 quibus
1616 4093 1647 4134 se
1671 4078 1737 4151 plus
1752 4078 1834 4134 dixe·

131 4165 206 4222 mini
215 4166 341 4223 dicentis
352 4181 404 4239 per
414 4166 587 4239 prophetam
598 4167 684 4239 (652):
693 4169 747 4239 Epo
758 4185 958 4241 sumcgosum,
1012 4176 1058 4229 rat
1072 4170 1215 4227 laborare.
1231 4168 1343 4233 Quibus
1357 4168 1453 4225 verbis
1469 4168 1607 4239 ostendit,
1619 4167 1689 4240 quia
1703 4184 1760 4224 non
1777 4165 1835 4224 sibi

131 4257 180 4330 qui
195 4256 271 4312 deleo
295 4259 326 4311 ut
348 4255 478 4311 nebulum
503 4260 619 4329 pescolo
645 4259 704 4321 tuo,
730 4266 757 4313 et
786 4263 960 4331 pcccatorum
1014 4263 1111 4317 minor
1125 4259 1284 4316 auotoritas
1307 4257 1380 4314 leret
1394 4258 1424 4313 in
1450 4256 1665 4330 praedicatione,
1680 4259 1722 4315 cic
1733 4255 1836 4330 praedi·

130 4354 245 4402 tsorum
259 4361 315 4402 ccc
333 4343 498 4401 recordabor
521 4346 640 4417 amplius
657 4346 731 4416 (leni.
748 4348 910 4418 xa111,25);
927 4353 959 4403 tu
1013 4366 1117 4418 comus,
1138 4353 1170 4403 ut
1194 4348 1337 4418 omnium,
1353 4349 1486 4419 inquam,
1512 4347 1754 4404 resurrectionem
1779 4361 1839 4403 ors·

130 4449 201 4491 vero
226 4449 340 4489 memor
363 4437 435 4491 esto.
453 4431 507 4488 Ubi
529 4420 653 4489 solerter
676 4435 888 4491 attendendum
904 4440 959 4505 cst,
1017 4439 1135 4496 duretis.
1151 4437 1287 4509 sicergo,
1303 4439 1360 4493 sice
1382 4437 1437 4506 illi,
1454 4437 1519 4493 ideo
1533 4436 1615 4505 dicit,
1631 4441 1663 4492 ut
1677 4453 1694 4492 a
1709 4433 1838 4509 generali

132 4526 281 4594 quantum
306 4538 359 4578 nos
384 4525 516 4594 oporteat
538 4538 582 4588 ea,
600 4538 665 4594 quse
689 4527 755 4594 post
779 4524 960 4595 baptismum
976 4543 999 4609 Ι)
1015 4530 1147 4585 omnium
1175 4526 1316 4595 doctrine,
1332 4531 1361 4582 et
1390 4526 1447 4582 fide
1470 4526 1594 4598 puderet
1617 4541 1666 4582 eos
1688 4526 1749 4582 lore
1771 4523 1840 4581 alis·

132 4609 352 4680 commisimus,
363 4610 480 4666 dellere.
494 4609 599 4667 Melius
610 4616 655 4667 est
665 4612 742 4667 enim
759 4628 803 4679 ea,
819 4630 884 4686 quse
894 4618 962 4670 ante
1018 4635 1081 4675 nos.

133 4699 318 4772 baptismum
342 4698 558 4765 commisimus,
584 4700 700 4769 dellens,
717 4717 806 4773 quem
830 4719 873 4770 ea,
898 4720 962 4775 qus
1052 4706 1191 4779 Sequitur
1208 4722 1214 4761 z
1233 4706 1264 4760 Si
1277 4713 1368 4760 cutem
1393 4703 1515 4761 Christus
1528 4704 1694 4777 predicatur
1708 4706 1738 4760 ia
1754 4704 1838 4772 colle,

133 4792 203 4862 post
226 4788 409 4860 baptismum
433 4787 647 4859 commisimus,
674 4788 811 4846 oblivioni
837 4792 961 4848 tradere.
1018 4796 1087 4868 quod
1101 4796 1256 4851 resurrexit
1279 4794 1437 4865 amortuis,
1463 4797 1517 4851 eto.
1535 4793 1656 4867 llgregio
1670 4779 1738 4850 vero
1754 4809 1840 4867 argu·

134 4877 195 4934 Hoc
211 4892 353 4950 magnum
376 4876 488 4932 malum
513 4881 567 4943 est,
583 4877 657 4933 illud
672 4894 739 4934 vero
754 4895 895 4952 magnum
911 4882 963 4938 bo·
1018 4890 1117 4942 mento
1132 4882 1280 4939 concludit
1295 4887 1461 4954 cos,uleut
1476 4886 1636 4955 utrumque
1650 4887 1771 4956 negent;
1786 4881 1840 4937 hoo

135 4981 220 5021 num.
238 4963 297 5020 Hoc
312 4965 391 5021 enlm
407 4963 511 5037 egebat
524 4965 693 5036 Apostolus,
709 4967 779 5039 quia
793 4968 909 5024 Domini
921 4986 964 5026 re·
1018 4978 1073 5038 cst,
1083 4977 1126 5036 ut,
1137 4971 1162 5027 si
1173 4970 1321 5027 Christum
1332 4970 1456 5027 credunt
1467 4971 1672 5037 resurrexisse,
1684 4969 1841 5026 credantst

135 5054 350 5111 miniscebatur
364 5051 527 5119 sententie,
543 5052 668 5110 dicentis
680 5070 687 5111 ε
700 5055 794 5111 Omnis
808 5059 858 5128 qui
870 5073 898 5113 se
912 5058 965 5114 liu·
1019 5062 1144 5118 aliorum
1160 5060 1419 5128 resurrectionem
1433 5065 1472 5129 et,
1486 5063 1511 5118 si
1527 5065 1635 5134 negant
1644 5060 1779 5122 aliorum,
1789 5070 1839 5110 ne·

134 5142 240 5212 milret,
269 5140 438 5197 cwltobilur
463 5140 566 5211 (Metti.
596 5157 676 5209 xxur,
707 5144 771 5210 12;
812 5145 877 5201 Luc.
905 5163 964 5215 x1v,
1019 5154 1090 5223 gent
1104 5152 1131 5204 et
1145 5146 1263 5204 Christi.
1280 5147 1373 5204 Unam
1390 5165 1518 5220 namque
1531 5166 1566 5205 ex
1581 5149 1671 5204 altero
1685 5143 1842 5201 conllrmat

139 5229 196 5302 ll).
228 5232 273 5301 ut,
303 5229 353 5301 qui
382 5245 414 5285 ss
452 5226 616 5300 dejiciebat,
645 5236 678 5285 ut
715 5231 894 5290 exaltaretur
919 5235 967 5290 de·
1019 5237 1186 5311 Apostolus.
1199 5238 1342 5294 letecoim
1351 5237 1541 5312 syllogismus
1553 5253 1610 5293 non
1623 5238 1667 5291 est
1677 5231 1842 5290 dialectieo·

140 5318 236 5376 lebet·
1020 5343 1098 5395 rum,
1114 5327 1165 5383 sed
1188 5325 1349 5396 rhetorum,
1373 5331 1403 5383 et
1427 5327 1535 5382 dicitur
1558 5321 1757 5396 imperfectus,
1772 5322 1843 5395 quia

176 5479 255 5564 (ᾧῖ)
272 5482 327 5537 Ιοο.
342 5495 421 5545 xmn,
436 5478 482 5548 25,
496 5479 540 5536 26.
567 5479 653 5556 Vulg.
671 5499 678 5539 :
695 5483 785 5543 Reduc
805 5502 850 5544 me
862 5486 894 5545 in
907 5503 967 5547 me·
1068 5485 1180 5561 llblllln
1196 5485 1442 5545 sententiam'divi
1456 5484 1615 5560 Augustini
1625 5484 1704 5544 ciros
1717 5483 1850 5563 galiam

141 5566 274 5611 mmm·
1022 5487 1192 5620 eldiberum
1207 5559 1372 5619 arbitrium.

176 5622 254 5704 (653)
268 5621 392 5686 Notelur
405 5622 466 5686 hee
482 5623 637 5686 sententia,
