3908 6096
120 330 180 394 345
403 332 610 398 ΕΧΡΟΒΙΤΙΟ
630 333 670 397 ΙΝ
692 333 907 396 mersiones
929 333 1056 399 PAULI.
1075 346 1114 381 .:
1132 336 1172 398 ΙΝ
1192 326 1352 400 uersu]
1374 334 1427 398 Ab
1449 332 1536 397 COR.
1759 330 1818 395 stu

118 480 305 535 eoncessum,
317 471 345 524 et
356 484 414 524 non
428 466 592 525 considerat
605 468 711 541 qualis,
722 474 750 525 et
765 473 894 540 quantus
904 468 943 525 sit
956 470 984 537 A
999 469 1086 525 modo
1096 474 1124 525 te
1133 465 1597 543 putas,impurevivsndo,ooelum
1608 466 1706 524 subire
1715 465 1820 539 posset

119 554 186 627 iste,
198 555 249 628 qui
265 571 364 613 servos
379 574 435 612 non
448 556 544 613 solum
556 558 668 629 iratres,
680 558 731 613 sed
747 559 834 613 etiam
850 575 941 613 mem·
997 557 1024 613 Si
1034 558 1422 628 enimNoesolns,matorum
1431 555 1819 629 relinquendooonsortium,

119 645 174 702 bra
188 645 311 700 vocavit.
327 645 386 701 Hoc
401 645 507 702 etenim
524 647 644 714 donum,
659 647 684 702 si
700 663 758 702 non
775 646 942 714 haberetur,
997 652 1026 705 et
1040 663 1137 704 arcam
1152 648 1347 716 ascendendo,
1364 660 1520 703 commune
1537 644 1701 719 periculum
1718 643 1819 704 diluvii

119 732 353 800 desideraretur,
368 734 418 788 sed
435 733 504 805 quia
516 733 650 804 hebetur,
662 735 702 791 ita
717 734 874 792 vivendum
887 739 942 802 est,
997 737 1089 795 evasit
1099 738 1173 810 (Gen.
1186 753 1224 803 vr,
1237 737 1265 807 7,
1277 736 1322 807 8);
1337 737 1522 809 quomodote
1535 738 1621 808 putes
1631 749 1819 790 communem
1885 758 1889 764 ·

120 824 154 879 ut
168 837 226 878 non
242 820 394 878 omittatur
408 827 436 878 et
449 828 546 895 grates
562 823 588 880 ei
608 825 781 881 referantur.
998 826 1161 891 interitum,
1188 823 1343 880 consortiis
1372 824 1518 881 malorum
1545 822 1677 887 truendo,
1693 822 1820 879 transire

157 910 215 981 Sed
229 909 348 966 luerunt
363 911 506 981 nonnulli,
523 914 573 985 qui
589 914 726 971 dixerunt
746 914 864 985 majoris
888 913 943 970 cri·
997 914 1108 988 posset
1122 913 1151 969 Si
1176 913 1254 969 enim
1282 911 1430 969 Abraham
1447 911 1539 980 solus,
1554 911 1594 970 Ur
1616 909 1819 968 Chaldaeorum

121 999 211 1056 minis
222 1015 287 1056 esse
301 999 527 1058 mulieremviro
542 1020 549 1070 3
566 1003 616 1058 sed
633 1003 800 1075 nemejoris
811 1002 944 1059 oriminis
998 1002 1074 1077 (Gen.
1095 1021 1135 1069 xi,
1160 1003 1216 1071 31),
1232 1003 1260 1057 id
1286 1005 1339 1069 est,
1356 1002 1455 1074 ignem
1470 1001 1671 1075 relinquendo,
1688 998 1820 1057 benedici

118 1088 277 1159 videretur,
294 1089 356 1146 ideo
372 1088 442 1144 dicit
456 1089 613 1163 Apostolus
630 1109 637 1147 :
662 1093 773 1148 Faciem
791 1091 943 1148 membrum
998 1089 1608 1166 promeruic,qu0mod0tuinignscnrnalts
1619 1088 1819 1148 delectationis

119 1180 280 1236 meretricis.
297 1178 457 1250 Sequitur:
484 1180 526 1234 An
541 1183 652 1237 nescitis
667 1183 734 1253 quio
747 1183 796 1254 qui
817 1180 943 1238 odbaeret
998 1178 1337 1253 consistendo,benedici
1345 1179 1489 1252 putae‘lSi
1497 1179 1621 1236 lsaacde
1631 1180 1718 1236 domo
1726 1195 1821 1253 egnes·

109 1268 269 1335 ,meretrici
285 1272 339 1323 etc.
352 1266 439 1332 Quasi
452 1269 580 1325 diceret:
596 1270 659 1326 Non
673 1270 811 1339 nescitis;
828 1271 877 1326 sed
891 1269 945 1326 sci·
998 1287 1050 1328 sus
1064 1271 1209 1343 inagnum
1225 1271 1260 1325 ad
1277 1267 1479 1325 meditandum
1494 1267 1819 1338 venitttlen.xx1v,63),

121 1356 170 1426 tis,
188 1357 349 1414 Benedicti
365 1375 371 1412 :
397 1359 486 1415 linum
499 1374 597 1431 corpur
606 1376 617 1422 ‚·
638 1359 717 1432 quia,
735 1359 811 1415 sicut
826 1376 884 1415 una
899 1363 944 1415 est
998 1359 1144 1433 quomodo
1155 1357 1316 1415 tuindomo
1331 1356 1457 1414 carnalis
1471 1355 1673 1413 delectationis
1690 1355 1821 1413 coelestia

121 1451 238 1512 natura,
253 1446 295 1502 ite
308 1462 367 1502 una
382 1451 427 1504 est
439 1445 542 1520 culpa:
560 1451 589 1503 et
603 1448 681 1505 sicut
695 1466 754 1505 una
767 1454 812 1506 est
826 1449 900 1506 actio
916 1454 945 1505 ct
998 1447 1140 1505 rimaris?
1154 1447 1182 1502 si
1198 1447 1278 1503 enim
1292 1446 1382 1504 Jacob
1398 1450 1427 1502 et
1447 1444 1499 1501 sslii
1521 1444 1584 1516 eius
1601 1459 1676 1518 egre
1689 1442 1822 1501 tulerunt

121 1535 285 1606 delectatio,
298 1533 339 1591 ita
354 1551 438 1608 equs
451 1540 496 1592 εει
511 1537 642 1593 offensio.
667 1538 806 1611 Sequitur
821 1554 828 1594 :
854 1539 943 1594 Erunt
998 1542 1135 1610 stuprum
1152 1537 1229 1592 Dium
1244 1535 1320 1609 (Gerr.
1336 1553 1432 1604 xxxrv,
1446 1533 1486 1606 7),
1503 1533 1649 1607 quomodo
1663 1536 1695 1588 tu
1710 1532 1741 1588 in
1757 1536 1821 1588 stu·

120 1623 174 1682 doe
189 1626 220 1680 io
233 1640 318 1681 corne
327 1641 393 1680 uno.
405 1624 465 1681 Hoc
479 1625 586 1682 etenim
604 1626 698 1698 primo
709 1626 821 1683 bomini
833 1625 943 1682 dictum
998 1627 1130 1700 pretione
1142 1625 1253 1699 proprii
1264 1624 1394 1699 corporis
1405 1622 1536 1681 letaris?
1550 1622 1580 1680 Si
1595 1621 1705 1695 loseph
1718 1619 1820 1677 lauda-

120 1716 189 1770 eet:
215 1714 330 1784 Propter
344 1712 395 1770 lior
408 1714 545 1787 relinquet
566 1715 644 1772 bomo
663 1720 773 1788 petrem
787 1720 814 1771 et
828 1723 944 1772 matrem
998 1714 1265 1773 bilisintertratrss
1278 1713 1600 1785 inventus,etflguram
1611 1709 1823 1784 Gbristigcste·

120 1800 551 1874 (Gerr.11,2l),etc.0uiasicut
566 1819 617 1876 per
632 1803 744 1860 licitum
755 1804 944 1860 concubitum
960 1803 1039 1903 Brit
1060 1804 1096 1861 ob
1120 1803 1186 1876 hoc,
1202 1805 1272 1877 quia
1292 1802 1402 1859 crimen
1417 1799 1618 1859 fornicationis
1633 1798 1734 1869 evasit,
1751 1797 1821 1873 quid
1907 1794 1910 1799 ’

120 1891 180 1947 duo
195 1907 287 1947 unum
303 1896 373 1948 sunt
388 1908 505 1965 corpus;
522 1894 563 1948 itu
587 1909 639 1965 per
664 1891 798 1949 illicitum
815 1908 943 1949 amorem
998 1893 1053 1951 tibi
1064 1893 1230 1950 laciendum
1239 1892 1308 1949 est?
1322 1892 1441 1966 Legitur
1450 1890 1529 1947 enirn
1540 1890 1611 1963 quia
1621 1889 1715 1946 relicto
1723 1889 1821 1963 pollio,

122 1979 181 2035 duo
197 1980 245 2036 isti
268 1996 360 2036 unum
377 1980 554 2038 efficiuntur.
998 1984 1074 2054 [oros
1088 1983 1162 2053 sopit
1181 1982 1215 2038 ab
1240 1997 1272 2037 ec
1287 1980 1364 2054 (Gerr.
1379 1997 1474 2049 xxxix,
1490 1979 1544 2049 12).
1559 1978 1623 2036 Non
1639 1978 1731 2034 aliter.
1747 1977 1822 2034 Nam

157 2067 316 2141 Sequitur:
334 2069 387 2138 Qui
400 2068 524 2127 aalma:
538 2070 664 2143 Domino,
680 2087 752 2126 unus
765 2072 880 2141 spiritus
896 2072 944 2127 εει.
1001 2069 1026 2124 εἰ
1037 2068 1168 2124 hoovitio
1179 2064 1689 2131 succubuisset,moreretur.Anima
1700 2080 1823 2122 morere·

122 2155 230 2228 Supra,
241 2157 277 2212 de
293 2156 590 2214 duobusbominibus
602 2157 735 2231 loquens,
747 2158 839 2215 dixit:
858 2160 947 2217 licum
1000 2161 1059 2224 tur,
1075 2160 1108 2213 ut
1130 2156 1203 2213 illud
1220 2175 1227 2214 :
1253 2158 1353 2213 Animo
1377 2172 1437 2229 qum
1459 2155 1613 2229 peccauerit
1630 2155 1726 2227 (lecit.
1742 2170 1822 2228 xvru,

119 2259 241 2316 corpus:
265 2261 344 2302 nuno
358 2260 426 2301 vero
447 2244 483 2302 de
504 2246 628 2304 dirersis
643 2246 797 2319 spiritibus
812 2247 945 2320 loquens,
999 2248 1056 2315 29),
1072 2251 1126 2303 ete.
1142 2246 1199 2303 Nec
1221 2246 1275 2302 rite
1291 2244 1436 2302 diceretur
1451 2243 1526 2318 patri
1543 2260 1549 2300 :
1575 2243 1664 2300 Filius
1679 2247 1743 2299 taus
1756 2245 1825 2300 vicit

120 2332 151 2389 id
179 2337 225 2388 εει
248 2332 309 2400 Dei,
325 2336 354 2390 et
377 2333 516 2403 bominis,
532 2351 590 2391 non
614 2335 699 2405 dixit,
714 2352 805 2393 unum
819 2340 899 2408 sunt,
915 2340 947 2392 ut
1000 2334 1076 2410 (Gen.
1101 2352 1166 2407 xcv,
1189 2336 1237 2404 6);
1264 2350 1316 2392 nec
1339 2333 1425 2391 etiam
1451 2331 1597 2390 diceretur
1621 2332 1766 2390 dominari
1791 2331 1823 2389 ia

122 2437 223 2493 supro.
240 2421 294 2477 Sed
311 2437 419 2495 magna
434 2422 573 2480 distantia
587 2428 632 2480 est
649 2423 724 2480 inter
738 2424 879 2497 Spiritum
897 2423 946 2481 Dei
999 2428 1061 2481 tota
1074 2429 1153 2480 terro
1166 2423 1280 2498 AEgypti
1295 2422 1398 2495 (llio),
1414 2423 1464 2479 sed
1481 2422 1511 2477 in
1527 2422 1655 2495 quadem
1669 2426 1762 2494 parte.
1778 2419 1822 2478 Illi

122 2512 152 2567 et
166 2509 319 2566 hominis:
346 2509 473 2582 Spiritus
489 2527 616 2584 namque
631 2511 682 2569 Dei
699 2513 812 2583 beatus,
828 2519 859 2571 et
878 2530 946 2586 per·
1000 2513 1120 2583 etenim,
1142 2513 1192 2585 qui
1217 2511 1317 2569 omnia
1341 2511 1411 2567 vitio
1440 2511 1642 2584 supplantant,
1665 2509 1707 2567 illi
1732 2509 1823 2567 totius

122 2598 217 2655 iectus
232 2599 343 2672 absque
358 2599 463 2673 spiritu
480 2599 609 2659 bominis
624 2606 691 2670 est;
717 2602 845 2660 bominis
866 2619 945 2675 vero,
999 2602 1114 2676 AEgypti
1125 2602 1325 2658 dominantur.
1337 2604 1370 2656 st
1384 2600 1463 2675 quod
1478 2599 1532 2668 llli,
1544 2598 1593 2672 qui
1609 2599 1665 2656 boc
1675 2599 1745 2656 vitio
1760 2614 1825 2656 sue·

122 2687 236 2759 ubsque
244 2688 292 2744 Dei
302 2704 367 2746 esse
377 2705 434 2745 non
446 2689 640 2762 potestouod
650 2707 717 2747 vero
725 2694 852 2748 ioannes
863 2692 945 2762 dicit,
1000 2692 1154 2759 cumbunt,
1171 2691 1343 2759 morientur,
1359 2690 1444 2748 testis
1458 2694 1503 2746 εει
1515 2690 1661 2757 Susanna,
1678 2704 1741 2762 qua
1757 2703 1822 2760 pre·

122 2774 247 2849 loquens
266 2777 302 2832 de
322 2776 434 2834 unitate
448 2779 578 2850 corporis
593 2779 668 2851 (570)
685 2795 692 2834 :
722 2781 793 2847 Volo,
809 2783 901 2852 Pater,
917 2784 948 2836 ut
1000 2780 1127 2855 sbyteris
1137 2779 1271 2837 dicebat:
1287 2781 1320 2837 Si
1334 2783 1408 2837 enim
1423 2779 1472 2836 boc
1484 2795 1562 2853 epero
1572 2778 1655 2850 (573),
1669 2782 1724 2834 eto.
1734 2774 1823 2833 vide·

123 2867 260 2938 εεέιιιερο,
268 2875 295 2922 ει
305 2870 337 2921 to
347 2882 434 2922 onom
442 2869 597 2936 rumoaito
607 2871 634 2923 et
642 2869 693 2924 isti
701 2884 788 2924 onom
799 2870 854 2923 sint
860 2867 946 2941 (571),
1002 2875 1047 2926 rat
1061 2872 1185 2926 mortem
1197 2869 1301 2924 animes
1316 2873 1346 2925 et
1359 2868 1501 2941 corporis,
1513 2867 1563 2924 sed
1579 2865 1667 2938 elegit
1680 2864 1730 2921 illa
1744 2881 1822 2922 mor·

124 2970 184 3011 nou
212 2959 257 3011 est
280 2955 459 3011 contrarium
482 2954 551 3011 huic
576 2955 663 3012 loco:
691 2972 760 3012 nam
775 2957 816 3012 ibi
831 2960 949 3030 propter
1002 2961 1062 3014 tem
1072 2957 1176 3013 anime
1186 2956 1288 3024 vitare,
1299 2961 1329 3013 et
1339 2954 1565 3033 morttcorporis
1578 2953 1778 3011 succumbere.
1788 2954 1823 3010 ut

124 3042 268 3116 imparem
285 3047 422 3100 naturam
438 3043 510 3100 dicit
527 3062 534 3100 :
562 3045 651 3102 Urium
665 3046 722 3100 cirri
736 3047 809 3101 sicut
831 3054 856 3102 et
874 3061 947 3111 reos:
1002 3039 1824 3119 quicunquoadexemplumtpsiusmortemanimeevitat,

124 3146 183 3187 non
199 3131 281 3198 dicit,
298 3147 401 3188 omnes
416 3148 509 3189 unum
525 3148 630 3189 sumus
646 3149 652 3188 :
681 3132 727 3188 bic
748 3149 815 3189 vero
831 3138 950 3206 propter
1004 3150 1063 3190 non
1077 3134 1234 3190 immemor
1247 3137 1292 3189 εει
1305 3131 1396 3189 David
1412 3130 1531 3188 Saulem
1547 3129 1687 3204 fugientis
1701 3132 1730 3186 et
1744 3144 1826 3185 mor·

123 3219 362 3292 gratiamquam
374 3219 770 3293 occepitspiritusbominis,
782 3224 814 3276 ut
825 3202 985 3293 jnnctusG
1004 3226 1063 3279 tem
1091 3220 1266 3279 declinantis
1290 3222 1314 3294 (l
1337 3222 1399 3293 Req.
1424 3221 1517 3292 xx111).
1536 3223 1611 3275 Nam
1636 3232 1688 3290 per
1708 3216 1825 3273 Seulem

122 3308 246 3381 Spiritui
254 3307 305 3364 Dei
315 3308 370 3364 hoc
384 3307 549 3380 velit,quod
560 3308 623 3381 ipse
634 3307 705 3365 dicit
715 3327 721 3365 :
733 3311 808 3368 Ursus
817 3317 856 3366 est
864 3311 950 3383 Spiri-
1005 3311 1151 3377 diabolus,
1167 3315 1196 3367 et
1218 3310 1309 3380 vitia,
1332 3326 1384 3383 per
1408 3308 1508 3377 David,
1524 3307 1625 3365 anima
1645 3307 1747 3377 electa,
1762 3322 1826 3380 que

122 3395 268 3468 tus;quis
277 3394 400 3470 spiritus
411 3395 541 3453 hominis
555 3396 604 3452 Dei
615 3397 736 3472 Spiritui
750 3399 949 3472 conjungitur,
1003 3400 1151 3470 certando,
1167 3398 1321 3456 suasiones
1340 3397 1500 3456 diabolicos
1524 3396 1663 3471 fugiendo
1688 3393 1825 3453 declinat.

123 3500 184 3541 non
200 3487 233 3539 ut
248 3482 328 3540 aliud
343 3483 422 3555 velit,
438 3500 528 3556 quam
543 3484 615 3557 ipse.
1039 3489 1177 3563 Sequitur
1197 3504 1204 3543 :
1235 3487 1319 3546 Omne
1342 3491 1498 3560 peccatum,
1525 3485 1704 3559 quodcunque
1730 3486 1828 3558 fecerit

159 3572 235 3645 (572)
248 3571 404 3643 Sequitur:
420 3574 514 3645 Fopite
524 3574 743 3645 summationem,
753 3575 850 3633 tlonet
861 3577 949 3634 etiam
1004 3575 1093 3645 bomo,
1108 3580 1188 3633 extro
1210 3591 1307 3650 corpus
1332 3580 1391 3639 est:
1416 3577 1465 3648 qui
1489 3583 1580 3632 cotem
1602 3573 1770 3650 fornicatur,
1796 3576 1828 3630 irc

123 3659 285 3734 Apostolus
296 3658 465 3732 fugiendam
480 3676 545 3718 esse
557 3661 797 3733 fornicationem
814 3665 880 3738 quie
896 3665 950 3722 boc
1003 3681 1101 3738 corpus
1124 3681 1206 3722 suum
1228 3672 1329 3738 peccet.
1345 3664 1397 3720 Hic
1417 3664 1498 3721 locus
1513 3664 1593 3721 varie
1617 3661 1792 3737 intelligitur
1812 3678 1830 3719 ε

124 3749 228 3807 vitium
244 3747 302 3806 tale
324 3752 380 3821 est,
396 3752 429 3804 ut
454 3748 530 3806 tilios
553 3750 605 3821 Dei
619 3751 727 3808 diaboli
744 3753 839 3809 iaciat.
857 3755 890 3810 itt
905 3756 951 3812 bis
1004 3753 1525 3825 doctoribuslbil).Noratusquoque
1536 3753 1591 3810 sub
1602 3751 1830 3824 interrogatione

125 3836 196 3894 dicit
212 3835 384 3911 Apostolus:
400 3839 520 3907 Fuqite,·
534 3839 606 3911 quia
619 3840 656 3895 ed
671 3844 775 3897 coetera
789 3842 860 3898 vitia
873 3842 951 3901 bella
1004 3843 1134 3916 prolerre
1143 3841 1244 3898 voluit.
1255 3841 1392 3898 Nonnulli
1409 3841 1465 3897 hoc
1480 3841 1567 3897 modo
1578 3839 1768 3912 intelligunt:
1784 3839 1828 3894 di·

125 3930 197 3984 eunt
207 3925 393 3994 adhibenda;
409 3925 489 3982 istud
500 3943 567 3982 vero
580 3927 703 3998 pedibus
714 3928 887 4001 fugiendum
902 3947 908 3986 :
923 3937 952 3988 et
1005 3935 1077 3988 cunt
1086 3930 1163 3986 enim
1176 3929 1253 4000 quod
1265 3929 1418 3986 fornicatio
1430 3945 1488 3985 non
1499 3927 1557 3984 nisi
1571 3944 1589 3982 ε
1603 3927 1720 3983 duobus
1730 3925 1829 3998 peragi

126 4019 228 4075 eontra
243 4013 300 4070 alia
310 4013 430 4087 quidem
445 4013 575 4071 brachiis
585 4016 797 4089 pugnandum
814 4017 870 4075 boe
884 4035 951 4076 vero
1005 4017 1119 4092 possit;
1144 4020 1248 4072 cetera
1261 4033 1328 4072 sero
1344 4019 1462 4086 peccata
1476 4015 1565 4070 etiam
1581 4014 1617 4070 ab
1634 4028 1703 4068 uno.
1719 4011 1828 4079 Unum,

124 4102 251 4178 pedibus
274 4102 436 4160 vitandum.
453 4103 529 4159 Dicit
554 4103 772 4178 Hieronymus:
797 4109 884 4178 btors,
901 4113 953 4165 aut
1006 4105 1063 4162 dici
1074 4120 1181 4178 corpus
1192 4120 1249 4160 non
1261 4107 1370 4177 potest;
1382 4101 1647 4176 duoquoqne,lum
1658 4087 1829 4173 corpus'dici

125 4195 221 4259 scuto,
235 4196 287 4249 eut
300 4191 425 4263 pedibus
438 4192 557 4249 vitatur.
569 4192 676 4250 Contra
689 4199 793 4252 cetera
802 4194 873 4252 vitia
888 4214 952 4254 scu·
1005 4198 1141 4268 possunt,
1153 4197 1181 4248 et
1196 4192 1261 4250 ideo
1276 4191 1327 4266 qui
1343 4190 1514 4257 fornicetur,
1530 4190 1560 4246 in
1576 4205 1683 4261 corpus
1693 4185 1829 4244 Ecclesia

123 4283 189 4338 tum
205 4284 249 4336 est
262 4280 434 4354 erigendum
450 4297 456 4335 :
473 4279 528 4335 boc
542 4297 610 4337 vero
625 4282 750 4356 pedibus
765 4283 951 4358 fugiendum.
1005 4286 1117 4357 peccet.
1132 4280 1187 4338 Alii
1202 4280 1321 4354 quidem
1346 4280 1400 4337 hoe
1421 4279 1590 4354 intelligunt
1613 4278 1643 4335 in
1669 4277 1786 4344 marito,
1802 4280 1830 4332 et

123 4368 285 4428 Sciendum
296 4368 367 4442 quis
377 4369 578 4443 exaggerando
588 4370 660 4427 dicit
669 4371 826 4444 Apostolus
836 4389 843 4429 :
855 4376 952 4446 Foqite
1005 4387 1105 4443 uxore,
1121 4370 1172 4444 qui
1188 4387 1280 4428 unum
1295 4386 1401 4444 corpus
1416 4373 1505 4439 sunt,
1522 4370 1599 4427 unde
1614 4384 1704 4440 supra
1718 4382 1725 4421 :
1741 4367 1831 4424 lirant

121 4455 951 4533 semianimem:ethocadversusillosquidiuinhocvitio
1005 4461 1059 4518 duo
1082 4462 1113 4517 in
1135 4476 1219 4518 come
1241 4478 1308 4518 uno.
1326 4456 1400 4534 lingo
1422 4459 1473 4532 qui
1489 4459 1660 4527 fornicatur,
1676 4457 1707 4512 in
1723 4469 1830 4527 corpus

124 4552 281 4605 morentur
292 4565 299 4617 ;
309 4549 338 4604 ει
352 4545 420 4619 quia
436 4545 550 4603 diutius
566 4564 689 4620 parvum
704 4553 820 4621 putant,
836 4551 952 4608 etiamsi
967 4568 991 4633 Ι)
1006 4565 1095 4607 suum
1105 4554 1215 4623 peccat,
1226 4549 1256 4605 id
1272 4554 1326 4618 est,
1341 4553 1392 4604 aut
1404 4548 1450 4603 vir
1463 4547 1494 4602 in
1506 4562 1636 4611 uxorem,
1648 4548 1699 4600 aut
1714 4541 1830 4599 uxorin

123 4634 272 4709 abaliquo
283 4636 400 4692 doctore
410 4634 672 4709 reprehendantur,
682 4653 741 4693 non
752 4637 950 4712 corriguntur.
1004 4639 1112 4696 virum.
1130 4640 1237 4696 Beetus
1259 4654 1326 4695 vero
1350 4636 1537 4710 Augustinus
1556 4633 1731 4708 proluudius
1754 4632 1831 4688 banc

160 4723 275 4796 Siquis
286 4723 342 4780 boc
354 4723 457 4779 vitium
470 4725 633 4781 cavendum
644 4725 693 4794 sit,
707 4725 848 4799 exemplis
859 4732 953 4784 osten·
1006 4729 1196 4801 questionem
1211 4727 1349 4799 inspexit,
1366 4725 1438 4782 adeo
1453 4730 1487 4781 ut
1501 4725 1620 4793 diceret,
1636 4721 1734 4780 nescio
1750 4721 1774 4777 si
1794 4722 1830 4777 ad

124 4810 216 4870 ditur.
232 4812 263 4870 Si
285 4813 363 4869 euim
379 4813 460 4882 cain,
478 4814 604 4870 fraterno
619 4814 762 4887 sanguine
776 4820 885 4874 terram
900 4815 950 4872 im·
1006 4815 1165 4890 liquidum,
1190 4833 1254 4889 que
1277 4814 1346 4872 ait:
1372 4818 1585 4881 verumtamen,
1611 4812 1738 4871 donante
1760 4811 1829 4881 Deo,

124 4898 224 4959 dando
234 4900 311 4974 (Gen.
324 4917 363 4970 ιν,
373 4902 412 4971 8),
424 4917 442 4956 ε
453 4901 576 4958 Domino
588 4902 772 4974 reprobatus,
785 4909 814 4960 et
829 4905 951 4962 inomni
1006 4894 1101 4962 multa
1114 4905 1151 4961 de
1173 4920 1208 4960 ea
1222 4901 1415 4976 probabiliter
1429 4906 1554 4977 possunt
1568 4902 1637 4959 dici.
1652 4898 1829 4968 Videndum,

124 4988 952 5065 sacroscripturetratricideestnuncupatus,queteme·
1005 4992 1113 5067 inquit,
1136 4994 1213 5050 unde
1237 4993 1359 5050 intentio
1383 4992 1514 5066 Apostoli
1539 4989 1732 5049 descenderit.
1758 4983 1832 5039 Dicit

124 5078 222 5152 situle,
234 5079 401 5137 membrum
412 5077 518 5134 christi
533 5078 679 5147 sedando,
692 5083 778 5152 putas
791 5085 819 5137 te
834 5082 952 5139 societe·
1005 5081 1092 5155 paulo
1117 5081 1254 5155 superius
1270 5098 1276 5138 :
1303 5081 1421 5139 Nescitis
1446 5083 1579 5154 quonium
1601 5090 1715 5150 corporo
1742 5072 1832 5128 vestra

121 5169 186 5225 tem
198 5167 279 5226 illius
289 5169 409 5226 evadere
421 5165 529 5240 posset
540 5165 570 5222 Si
582 5167 659 5223 enim
669 5167 953 5237 Henocb,mundeet
1004 5172 1128 5229 membre
1144 5172 1252 5229 Christi
1264 5175 1354 5228 sunt?
1368 5176 1436 5238 etc,
1453 5186 1550 5243 usque
1570 5168 1607 5224 ad
1622 5164 1706 5221 illum
1721 5161 1830 5226 locum,

123 5250 201 5331 'pure
214 5257 424 5326 conversando,
435 5254 597 5313 translatus
612 5261 656 5313 ost
671 5257 749 5330 (Oea.
765 5276 793 5327 r,
809 5259 866 5332 24),
882 5276 951 5332 quo·
1005 5259 1056 5317 ubi
1072 5261 1131 5318 ait:
1148 5259 1302 5331 Glorifieote
1316 5268 1342 5317 ει
1352 5260 1556 5333 portatelieom
1566 5258 1598 5311 ic
1612 5265 1723 5325 corpere
1733 5251 1829 5308 metro.

161 5436 243 5519 (57(1)Ι
251 5440 323 5518 loon
338 5450 406 5517 svin,
421 5435 465 5505 tt,
478 5435 512 5490 21
527 5438 556 5491 et
569 5435 615 5507 24,
630 5435 666 5492 de
682 5435 795 5494 unitate
809 5437 949 5510 corporis,
1042 5438 1116 5510 (572)
1132 5439 1163 5495 ln
1178 5442 1277 5512 eutog.
1292 5454 1387 5511 marg.
1404 5434 1451 5519 bic
1467 5432 1576 5517 legitur
1594 5449 1658 5508 cop.
1675 5432 1757 5492 XXX.

125 5512 244 5661 mqgffit
254 5505 466 5645 lgiggihscgitlicst,
474 5578 503 5634 et
512 5576 664 5661 charitatis
674 5576 791 5634 vinculo
801 5579 949 5654 conjuncti
1003 5510 1203 5639 mimium·
1229 5526 1291 5578 xm,
1315 5510 1351 5565 22
1371 5525 1393 5660 τ’
1408 5522 1434 5562 α
1460 5519 1539 5660 &Tm
1564 5504 1612 5562 hoc
1640 5520 1729 5578 ‘wo'
1755 5520 1829 5564 mm

125 5650 164 5707 ad
179 5650 348 5707 divinarum
362 5664 555 5723 personarum
571 5648 807 5708 similitudinem.
1041 5652 1113 5725 (574)
1129 5657 1169 5710 De
1184 5667 1244 5725 quo
1257 5649 1322 5710 vide
1335 5648 1395 5706 tivr
1410 5647 1545 5722 Gypnani
1559 5664 1607 5727 sp.
1621 5647 1666 5707 tt.
