3908 6096
81 293 140 356 tas
380 290 592 356 expostulo
612 292 653 354 IN
674 291 891 355 aristatas
915 290 1147 354 PAULL-IN
1171 290 1298 356 aelst.
1312 293 1365 355 An
1387 293 1484 357 RUM.
1726 297 1786 372 idi

82 425 162 484 fidei.
178 426 234 483 sad
249 441 302 499 pro
323 441 382 499 quo
393 430 406 482 i
418 431 476 482 Pro
488 427 611 497 nomine,
626 425 734 498 inquit,
751 426 822 496 ejus,
837 426 906 481 tsn-
920 426 948 494 A
963 425 1125 497 prefertur.
1137 426 1193 482 Sed
1208 428 1281 485 dicit
1290 430 1413 488 tortasse
1424 430 1530 503 aliquis
1542 445 1549 484 :
1563 427 1787 501 Curdpostolns

82 532 174 589 quam
188 514 300 572 diceret
314 532 323 572 :
339 515 449 572 Idcirco
463 515 588 589 gretiam
603 517 632 571 et
645 514 843 588 apostolatum
859 530 907 570 aa·
962 514 1057 570 Patris
1070 519 1197 581 tantum,
1211 521 1239 572 et
1255 518 1317 574 Filii
1330 520 1508 577 mentionem
1520 519 1598 590 tecit,
1609 523 1638 575 et
1653 535 1710 575 non
1722 518 1787 590 Spi-

83 604 159 678 cepi,
173 608 208 660 ut
222 621 325 662 omnes
339 604 476 662 obediant
491 604 569 674 fidei,
585 607 614 660 ct
628 604 748 661 crodunt
762 603 793 660 in
815 620 882 660 eum
900 621 908 660 :
963 603 1038 659 ritus
1048 603 1225 661 sanotilCui
1237 609 1472 681 respondendum
1483 625 1489 664 :
1500 608 1574 675 Quia
1584 608 1679 680 grstia
1689 612 1718 664 et
1729 624 1786 680 pax

84 694 297 767 etquicunque
311 692 507 767 predestinati
531 698 561 750 et
581 692 712 750 salvandi
727 697 807 764 sunt,
825 693 909 765 signo
963 694 1041 749 dona
1051 693 1100 748 Dei
1116 698 1204 763 sunt;
1221 696 1331 752 donum
1347 698 1504 768 autemDei
1520 703 1564 754 est
1574 698 1701 770 Spiritus
1717 715 1785 753 san-

85 782 217 842 uominis
227 784 292 855 ojus
302 783 464 856 signentur.
477 785 512 838 Et
528 799 564 838 ne
578 781 651 838 lorte
661 782 722 838 baec
732 782 826 855 gratia
839 780 910 837 solis
963 787 1040 849 ctus,
1054 781 1131 853 quod
1148 784 1288 840 Dominus
1303 786 1484 855 manifestat,
1499 804 1566 842 cum
1583 786 1654 841 dicit
1668 787 1704 843 ad
1720 802 1787 841 mu·

84 870 197 930 tunsis
221 886 359 928 concessa
380 871 536 943 videretur,
555 873 587 927 in
610 871 736 928 amnibus
761 871 909 942 pentibus:
965 869 1065 926 liorem
1077 871 1291 929 samaritanam
1306 890 1313 930 :
1329 874 1786 946 Siscirerdonuchr'(tcan.1v,

84 960 909 1033 rursusueilomanividerenturexcepti,snbjunxit(75):
966 960 1021 1032 10),
1045 964 1099 1017 etc.
1124 960 1166 1029 Si,
1191 977 1259 1034 ergo
1284 963 1380 1035 gratia
1406 968 1434 1019 et
1458 982 1513 1036 pax
1539 966 1615 1021 dona
1639 969 1709 1021 sunt
1725 964 1787 1031 Dei,

85 1053 120 1109 ln
133 1049 234 1122 quitur
251 1051 317 1106 ertit
339 1057 366 1107 et
390 1067 435 1107 uos
453 1052 545 1107 vocati
562 1051 625 1107 iesu
639 1051 755 1116 Christi,
772 1050 850 1122 quod
866 1052 911 1105 cst
966 1047 1556 1121 0000101000001000100010100010)οε
1579 1053 1669 1108 totius
1692 1052 1788 1108 Trini-

85 1143 187 1214 aperte
201 1138 316 1196 dicere:
332 1139 386 1205 Qui
401 1138 535 1195 omnium
549 1141 680 1212 gentium
692 1137 835 1204 Salvator,
846 1139 871 1210 ej
877 1154 912 1194 us
965 1135 1035 1191 tatis
1051 1136 1118 1192 iecit
1138 1137 1327 1193 mentionem.

88 1232 118 1285 et
127 1244 183 1285 vos
196 1227 268 1284 estis
282 1227 387 1298 vocati,
399 1228 535 1301 quamvis
550 1245 607 1284 non
624 1229 653 1284 in
664 1228 680 1284 J
684 1229 845 1297 adanorum,
860 1228 911 1284 sed

88 1317 119 1373 in
131 1317 264 1390 gentium
275 1332 397 1373 numero
408 1317 637 1390 iuventttgitur,
645 1317 836 1390 quiadixsrat
845 1318 912 1389 quis

88 1405 228 1463 scriberet
241 1421 248 1463 :
264 1406 381 1475 Paulus,
395 1405 542 1478 inquiens,
553 1421 632 1462 seruc
645 1405 746 1462 Christi
756 1408 830 1473 Iesu,
844 1410 872 1461 et

1002 1269 1095 1342 igitur
1105 1269 1189 1326 finita
1199 1270 1373 1328 salutatione
1386 1272 1507 1344 pulchre
1518 1275 1677 1346 Apostolus
1692 1293 1791 1333 narra-

967 1357 1056 1413 tionis
1080 1374 1140 1414 sua
1164 1359 1315 1414 exordium
1340 1378 1357 1417 a
1378 1361 1540 1433 gratiarum
1561 1365 1647 1435 coepit
1666 1365 1790 1434 actione,

874 1422 912 1478 ⁰*
968 1446 1070 1502 dicens
1086 1463 1092 1502 :
1119 1447 1245 1502 Primum
1265 1448 1374 1520 attidem
1394 1451 1568 1522 gratinonae
1583 1452 1635 1508 Deo
1650 1469 1719 1520 rnen,
1735 1460 1791 1510 etc.

968 1535 1073 1592 Gratia
1098 1541 1168 1591 sunt
1190 1535 1304 1609 laudes,
1334 1555 1407 1609 quas
1437 1541 1493 1595 Deo
1524 1540 1684 1597 offerimus.
1701 1547 1733 1597 tn
1758 1559 1792 1599 eo

969 1624 1078 1696 itaque,
1095 1625 1172 1696 quod
1188 1626 1345 1697 Apostolus
1361 1629 1470 1700 gratias
1495 1629 1555 1701 egit
1578 1630 1636 1686 Deo
1662 1648 1713 1702 pro
1736 1632 1793 1687 ilde

970 1712 1180 1785 Romanorum,
1197 1731 1250 1770 nos
1266 1732 1420 1772 monemur
1435 1719 1468 1772 ut
1481 1718 1517 1773 de
1532 1717 1670 1776 omnibus
1685 1720 1794 1776 nostris

968 1805 1028 1858 tam
1045 1803 1193 1876 prosperis
1209 1821 1298 1876 quam
1321 1806 1461 1878 adversis,
1477 1812 1506 1863 et
1530 1808 1565 1863 de
1589 1809 1725 1877 aliorum,
1743 1809 1794 1865 sed

969 1895 1087 1946 tantum
1101 1893 1260 1964 prosperis,
1276 1892 1335 1949 Deo
1358 1895 1467 1966 gratias
1488 1896 1594 1951 relorrc
1610 1899 1792 1955 studeamus.

970 1978 1026 2035 Sed
1042 1995 1132 2049 quare
1146 1979 1304 2050 Apostolus
1319 1996 1377 2035 non
1394 1980 1535 2049 absolute,
1553 1984 1604 2039 sed
1622 2001 1689 2040 curn
1714 1987 1794 2057 adje-

971 2067 1066 2124 ctione
1077 2067 1795 2146 0110000007ὃοί11001,οῑ0010000001,ου100000

972 2161 1076 2213 natura
1091 2157 1224 2213 omnium
1241 2161 1296 2226 est,
1308 2159 1458 2216 voluntate
1472 2177 1539 2216 vero
1555 2166 1584 2217 et
1599 2165 1714 2231 merito,
1726 2180 1796 2235 pau·

972 2261 1084 2316 corum,
1096 2245 1125 2300 id
1142 2250 1187 2301 est
1201 2245 1384 2302 solummodo
1397 2246 1568 2304 electorum.
1580 2250 1646 2305 Hac
1659 2267 1727 2324 ergo
1742 2268 1798 2308 vox

972 2333 1090 2390 illorum
1106 2338 1222 2390 tantum
1237 2338 1293 2401 est,
1305 2336 1342 2390 de
1357 2336 1465 2407 quibus
1480 2337 1624 2394 Dominus
1639 2338 1729 2397 dicit:
1743 2342 1796 2412 Epo

971 2439 1032 2479 sum
1046 2424 1118 2479 Deus
1131 2424 1278 2491 aeratam,
1296 2429 1367 2480 Deus
1382 2427 1467 2496 isaac,
1483 2436 1509 2482 et
1521 2428 1593 2483 0000
1606 2430 1710 2485 tacet:
1728 2446 1796 2485 nam

972 2510 1003 2567 in
1025 2509 1072 2567 his
1096 2511 1191 2568 tribus
1211 2529 1314 2569 omnes
1329 2515 1620 2587 comprehenduntur
1633 2517 1727 2574 electi.
1744 2519 1798 2574 Per

973 2616 1061 2672 quem
1076 2599 1186 2672 gratiss
1202 2605 1278 2673 agat,
1294 2602 1445 2658 ostendit:
1466 2610 1521 2659 Per
1533 2609 1630 2663 terum
1646 2605 1795 2664 Christum.

973 2687 1070 2745 laudis
1100 2705 1227 2760 namque
1255 2707 1315 2745 sua
1343 2691 1520 2748 sucrificium
1550 2694 1607 2750 Deo
1638 2696 1796 2766 offerebat;

974 2777 1109 2850 ideoque,
1120 2782 1154 2834 ut
1167 2782 1284 2850 gratum
1295 2779 1386 2851 fieret,
1399 2797 1450 2852 per
1464 2797 1587 2838 monum
1603 2785 1712 2840 summi
1728 2803 1798 2857 pon-

974 2866 1062 2922 tificis
1077 2866 1180 2922 offerro
1194 2867 1325 2940 cupiens,
1342 2868 1457 2926 aiebat:
1475 2875 1529 2926 Per
1542 2872 1632 2928 Iesum
1649 2873 1796 2931 Christum.

88 1498 124 1551 nt
148 1493 315 1551 ostenderet
339 1494 446 1566 quibus
470 1494 622 1561 scriberet,
638 1495 743 1551 addit:
771 1496 912 1567 Omnibus,

88 1584 139 1655 aui
160 1583 224 1639 aunt
246 1585 342 1639 llamae
363 1583 474 1639 dilectis
495 1583 545 1639 Dei
562 1584 664 1640 vocatis
677 1584 780 1640 sanctr'r
795 1582 870 1655 (76);
886 1586 915 1638 et

90 1669 279 1744 reliquatus
294 1669 391 1727 verbis
406 1670 535 1727 divinam
551 1671 737 1728 commendat
752 1671 914 1728 misericor-

89 1759 181 1828 diam,
197 1763 226 1816 et
240 1758 378 1816 meritum
394 1759 559 1816 humanum
573 1764 705 1817 evacuat.
720 1760 795 1817 Nam
810 1764 914 1816 notan·
929 1794 953 1861 B

89 1849 173 1916 dum,
186 1848 258 1920 quia
271 1864 330 1904 non
346 1848 397 1920 ait,
413 1846 603 1922 diligentibus
618 1849 721 1921 Deum,
734 1850 785 1906 sed
801 1848 916 1905 dilectis

89 1936 142 1995 Dei
157 1954 165 1994 :
191 1953 249 1994 non
270 1936 349 1994 enim
364 1937 428 1993 ideo
443 1936 542 1994 dilecti
556 1943 637 2005 sunt,
654 1937 724 2010 quia
739 1937 915 2009 dilexerunt,

92 2026 144 2084 sad
172 2025 241 2099 quia
265 2024 365 2082 dilecti
388 2028 468 2096 sunt,
493 2024 601 2082 idcirco
631 2025 814 2095 dilexerunt,
840 2025 917 2082 unde

91 2114 221 2172 loannes
230 2131 238 2170 :
248 2114 408 2188 Ditipamus
417 2115 650 2186 Deum,quonicm
662 2117 720 2187 ipsc
731 2116 811 2187 prior
820 2114 918 2169 ditescit

92 2220 144 2262 nor
166 2202 192 2275 (1
203 2204 282 2260 toan.
300 2220 338 2273 av,
355 2203 410 2275 10).
427 2203 483 2260 Sed
507 2203 577 2276 qnid
600 2207 655 2271 est,
671 2203 749 2276 quod
764 2203 918 2260 altercatis

93 2295 220 2358 sanctu?
239 2290 377 2364 Nunquid
394 2292 488 2348 sancti
502 2291 596 2349 vocati
611 2291 706 2348 sunt?
719 2292 781 2349 Non
797 2292 917 2364 utique:

93 2381 146 2440 sed
155 2380 251 2438 vocati
265 2383 335 2437 snut
349 2379 453 2436 sancti.
465 2379 576 2437 Similis
587 2380 664 2435 enirn
676 2384 719 2436 est
735 2379 796 2436 brec
810 2378 919 2436 locutio

94 2469 138 2526 illi
150 2468 305 2541 Zacharia,
317 2468 368 2540 qui
381 2468 441 2525 ait:
459 2469 585 2526 Visitanit
593 2472 619 2524 et
632 2471 698 2540 [ecit
707 2468 920 2541 redemptionem

92 2558 183 2632 pletis
207 2572 267 2616 tuce
290 2557 367 2630 (tue.
392 2575 411 2629 1,
436 2557 493 2630 te),
518 2574 576 2614 uon
595 2574 660 2630 qus
679 2575 733 2615 sua
749 2558 852 2627 iuerat,
868 2557 917 2614 sed

96 2663 186 2722 qnam
196 2647 341 2703 visitando
356 2646 463 2703 iecerat
477 2663 572 2703 suam.
584 2646 712 2703 loannes
725 2647 811 2703 ctiam
828 2646 919 2703 dicit:

98 2738 131 2796 Ut
144 2737 217 2808 filies
230 2737 291 2803 Dei,
305 2737 353 2808 qui
367 2743 447 2792 erant
456 2735 584 2809 dispersi,
595 2744 772 2808 concreparet
785 2738 816 2791 in
831 2750 921 2791 unam

96 2826 188 2899 (trau.
202 2841 243 2895 rr,
257 2825 304 2897 52)
320 2841 328 2882 :
344 2824 533 2897 nequeenim
548 2825 674 2898 dispersi
691 2824 787 2881 adhuc
802 2824 855 2880 filii
871 2823 920 2881 Dei

96 2919 192 2986 erant,
207 2913 259 2970 sed
273 2914 478 2987 congregando
501 2915 532 2970 in
551 2930 644 2970 uuum
660 2914 767 2971 fecerat
780 2931 830 2970 eos
844 2913 921 2970 filios

96 3003 160 3061 Dei.
176 3003 211 3060 st
236 3002 374 3060 Salomon
391 3018 398 3058 :
423 3004 570 3060 Mulierem
583 3007 684 3075 fortem
698 3005 760 3074 quis
780 3005 923 3059 inueniet?

97 3092 190 3164 (Pron.
215 3108 293 3159 xxxr,
318 3092 375 3162 10.)
391 3091 465 3148 'Non
489 3092 569 3148 enim
597 3091 703 3148 mulier
726 3091 798 3161 hnc,
821 3092 851 3147 id
879 3095 924 3148 est

97 3185 201 3239 sanctu
215 3179 354 3249 Ecclesia,
371 3180 456 3236 fortis
480 3197 497 3240 s
519 3180 644 3237 Domino
663 3181 781 3236 iuventa
799 3184 853 3248 est,
870 3159 958 3235 sch

97 3270 164 3344 ipse
179 3268 353 3324 inveniendo
369 3267 515 3323 faciteam
541 3268 656 3324 sortem.
1015 3262 1072 3335 (79)
1087 3263 1159 3319 Hinc
1174 3262 1307 3320 Ecclesia
1323 3268 1504 3323 consuetudo
1520 3271 1679 3343 descendit,
1697 3277 1729 3328 ut
1754 3291 1801 3330 sa-

136 3355 924 3428 Ostensisdeniquequibusscriberet,nibilsupererat,
979 3352 1802 3430 cerdotsssingulisprecibnsadJ'nngant:PerDominam

99 3445 159 3505 nisi
176 3449 209 3502 ut
219 3443 344 3502 salutem
357 3449 486 3518 poneret,
499 3445 584 3518 cnjus
599 3445 662 3502 loco
673 3445 771 3517 posuit
785 3461 886 3518 pacem
898 3448 926 3501 et
979 3449 1102 3497 nostrum
1115 3442 1208 3497 Iesum
1221 3440 1372 3499 Christum.
1384 3447 1440 3500 Pro
1455 3446 1563 3517 quibua
1579 3453 1678 3506 autern
1692 3453 1802 3525 gratias

99 3534 238 3609 gratiam,
254 3533 395 3601 subdens,
408 3536 501 3606 matta
513 3534 599 3606 vobis,
613 3544 639 3591 et
660 3550 718 3607 pax
738 3551 756 3590 a
779 3536 831 3591 Deo
844 3535 927 3590 Patre
980 3533 1058 3603 agat,
1070 3530 1238 3586 manifestat
1248 3546 1254 3586 ε
1265 3533 1320 3587 Pro
1329 3534 1456 3589 omnibus
1465 3537 1550 3592 vodis.
1560 3537 1614 3593 Ubi
1626 3542 1800 3609 notandum,

102 3633 206 3694 nostro,
222 3631 248 3680 et
261 3624 376 3680 Domino
388 3627 455 3681 teau
471 3622 589 3680 Christo.
605 3624 686 3688 Quod
702 3622 773 3680 dicit
788 3640 805 3679 a
818 3625 875 3680 Deo
889 3623 926 3680 ad
980 3619 1117 3694 quianon
1133 3619 1184 3686 ait,
1195 3637 1247 3692 pro
1262 3622 1455 3692 sapientibus,
1467 3642 1519 3696 pro
1534 3626 1692 3686 divitibus:
1710 3648 1746 3686 nc
1760 3632 1803 3686 vi-

976 3043 1100 3099 aotionis
1115 3042 1240 3114 alicujus
1256 3043 1433 3101 sacrificium
1449 3046 1507 3103 Deo
1527 3049 1630 3105 offerre
1651 3051 1798 3119 volumus,

978 3147 1029 3203 per
1043 3133 1107 3202 ejus
1122 3148 1242 3188 manum
1264 3133 1431 3189 offeramus.

977 2954 1057 3010 Unde
1072 2972 1126 3010 nos
1138 2971 1292 3011 monemur
1306 2961 1340 3012 ut
1351 2958 1465 3029 quoties
1476 2960 1616 3017 orationis
1627 2967 1743 3028 nostra,
1754 2962 1799 3018 vel
1900 2980 1904 2985 ·

104 3712 274 3788 gratiamet
294 3728 396 3784 pacem
412 3712 575 3784 respondet.
592 3712 629 3768 iit
643 3717 709 3784 apte
724 3712 842 3786 quidem
857 3729 925 3786 gra·
981 3710 1098 3764 deretur
1112 3725 1304 3781 personarum
1320 3716 1455 3783 acceptor
1475 3714 1527 3770 sed
1549 3717 1734 3787 generaliter,
1750 3735 1802 3793 pro
1897 3777 1905 3792 ,

104 3802 177 3858 tiam
193 3805 276 3857 aDeo
290 3800 370 3871 dicit,
382 3801 522 3874 qnoniam
538 3803 657 3856 noverat
670 3817 734 3858 esse
750 3801 786 3857 ab
802 3800 927 3857 bomini·
980 3797 1079 3865 vobis;
1092 3813 1126 3852 ac
1138 3797 1164 3853 si
1174 3796 1292 3867 diceret,
1305 3797 1334 3853 iu
1351 3799 1463 3856 unitate
1475 3801 1543 3857 fidei
1556 3806 1735 3862 constitutis.
1747 3812 1805 3864 Cur

104 3888 926 3963 bus3quemadmodumtudicespersonasconsiderantes,
960 3909 961 3912 ¹
982 3890 1079 3941 autern
1095 3885 1205 3957 gratias
1220 3889 1297 3958 agat,
1314 3888 1444 3959 aperitur
1462 3906 1530 3944 cum
1553 3893 1708 3963 subditur;
1734 3895 1805 3962 Quia

104 3977 148 4036 vel
162 3978 324 4052 cupiditate
338 3976 461 4048 astricti,
477 3976 577 4045 illecti,
592 3977 637 4033 vel
662 3977 768 4034 timore
783 3977 928 4049 perterriti
982 3972 1047 4043 fidet
1056 3975 1145 4027 vetita
1159 3974 1345 4028 ttssvntt‘ttttt
1357 3975 1388 4029 in
1398 3977 1528 4031 “nivem
1542 3979 1653 4035 mundo.
1665 3981 1750 4037 Fides
1761 3987 1806 4038 est

105 4068 216 4141 grati„
231 4065 402 4124 hominibus
414 4069 552 4139 mmm
562 4063 667 4123 solent,
679 4064 820 4123 Similiter
833 4071 863 4123 et
877 4083 928 4139 pa.
983 4059 1136 4116 Trinitatis
1151 4059 1307 4128 confessio,
1322 4065 1351 4116 et
1364 4061 1456 4118 totins
1470 4063 1587 4135 pietatis
1609 4083 1642 4121 ac
1666 4068 1805 4128 bonitatis

105 4171 168 4213 gem
184 4172 201 4213 g
215 4155 274 4213 Deo
288 4158 380 4228 optat,
396 4156 536 4228 quoniam
552 4159 670 4212 novem
685 4172 749 4212 0350
765 4172 866 4229 pacem
892 4155 928 4212 ab
984 4149 1219 4217 tundamentum,
1236 4153 1323 4221 atque
1343 4149 1453 4223 religio.
1473 4152 1557 4210 Fides
1572 4153 1690 4212 illarum
1706 4174 1805 4215 rernm

105 4244 287 4317 hominibus,
298 4245 333 4300 de
346 4261 404 4317 qua
413 4244 556 4300 Dominus
569 4243 600 4299 in
610 4243 782 4317 Evangelio:
795 4245 854 4301 Non
865 4261 930 4317 qua
983 4242 1037 4304 cst,
1049 4254 1112 4310 qun
1128 4253 1185 4294 non
1200 4236 1344 4295 videntur.
1357 4238 1438 4296 Unde
1451 4242 1608 4314 Apostolus
1624 4261 1631 4299 :
1652 4250 1699 4302 001
1713 4251 1807 4304 audem

106 4333 161 4390 tem
173 4350 270 4407 pacem
283 4335 407 4390 mundus
421 4333 477 4400 dat,
493 4348 542 4401 epa
564 4332 597 4389 do
620 4334 697 4389 vatis
710 4336 801 4403 (toan.
817 4350 855 4404 rv,
873 4334 928 4403 10).
984 4328 1051 4399 fides
1073 4328 1241 4400 armandum
1266 4329 1533 4403 substantivorum,
1545 4339 1739 4406 argumentum
1753 4354 1809 4395 non

106 4419 930 4495 Utnotandum,quiaprincipaliegregioordinegratiam
983 4419 1177 4490 apparentium
1202 4416 1293 4489 (iletr.
1318 4436 1357 4487 xr,
1384 4420 1420 4491 1).
1446 4420 1531 4476 Fides
1546 4423 1663 4490 dicitur,
1679 4442 1713 4481 eo
1728 4427 1807 4498 quod

108 4512 171 4586 paci
187 4510 345 4584 preposuit
361 4527 367 4567 :
392 4509 489 4584 gratia
502 4509 581 4566 enim
596 4513 651 4580 est,
667 4526 726 4582 qua
740 4509 797 4581 (77)
812 4514 931 4582 peccata
945 4531 969 4597 D
984 4507 1017 4562 fit
1024 4506 1053 4561 id
1063 4507 1139 4578 quod
1147 4505 1511 4579 diciturautpromittitur.
1521 4512 1602 4576 Quod
1613 4514 1806 4572 autemdicit:

106 4599 262 4670 laxantur,
277 4617 334 4675 pax
348 4604 458 4667 autem,
471 4615 530 4671 qua
542 4598 765 4656 reconciliamur
775 4599 844 4657 000.
860 4604 929 4656 Pec-
984 4597 1016 4651 ln
1031 4597 1158 4652 universo
1172 4596 1287 4664 mundo,
1299 4596 1323 4652 si
1340 4595 1513 4668 simpliciter
1527 4599 1646 4671 quidem
1662 4601 1808 4677 intelliga-

107 4689 258 4748 cataenim
270 4694 371 4746 nostra
383 4688 546 4745 diviserunt
557 4705 610 4746 nos
623 4705 640 4744 a
652 4690 707 4745 Deo
718 4689 786 4762 (78),
798 4692 826 4745 et
839 4688 931 4746 aversi
987 4700 1064 4752 mua,
1080 4685 1232 4740 universus
1257 4685 1360 4740 mundi
1383 4683 1475 4742 voluit
1501 4687 1625 4760 intelligi
1651 4696 1757 4762 partes.
1774 4692 1810 4749 nt

108 4794 227 4836 eramus
251 4780 287 4836 ab
308 4795 351 4835 eo.
368 4779 441 4844 Quia
462 4793 531 4850 ergo
546 4777 617 4833 dum
633 4778 823 4850 pergratiam
840 4778 872 4834 tit
888 4795 931 4834 ra·
987 4777 1064 4829 certe
1078 4772 1172 4844 potnit
1187 4772 1261 4839 lieri,
1277 4773 1416 4844 quoniam
1433 4777 1555 4831 Romani
1572 4782 1641 4834 tunc
1658 4795 1730 4851 pene
1745 4797 1807 4835 onr-

109 4868 210 4926 miasio
224 4873 423 4942 peccatorum,
436 4866 661 4924 reconciliamur
672 4865 741 4936 Deo,
754 4867 818 4940 ipsa
832 4883 933 4923 recon—
987 4861 1074 4918 nibufl
1085 4861 1221 4934 genliblffl
1237 4860 1430 4932 imperabant,
1442 4868 1475 4919 ui
1489 4865 1567 4922 fssffla
1579 4867 1647 4923 fidei
1661 4869 1808 4925 0⁰r11ffl⁸d

109 4957 218 5015 ciliatio
244 4974 301 5031 pax
323 4955 452 5013 dicitur:
477 4955 600 5027 ideoque
624 4953 745 5028 pulchre
759 4955 854 5028 gratia
868 4955 933 5028 paci
987 4950 1139 5006 universas
1155 4949 1257 5004 mundi
1276 4950 1467 5022 pervolaverit
1481 4959 1588 5026 partes.
1606 4957 1766 5012 Possumus
1781 4958 1810 5011 at

145 5083 203 5156 (75)
218 5082 250 5139 Iu
266 5079 446 5164 autographo
468 5084 534 5152 post
549 5080 668 5136 verbnm
684 5080 839 5151 subjunxit,
856 5080 933 5152 quod
987 5073 1169 5157 temporibus
1185 5074 1272 5130 suerit
1287 5075 1440 5133 doctorum
1464 5081 1493 5133 et
1519 5079 1650 5134 Ecclesia
1665 5075 1810 5135 sententia
1863 5069 1865 5071 ⁵

111 5154 318 5226 compendiose
346 5155 489 5224 scriptum
519 5155 580 5217 ast,
609 5150 741 5222 additur,
770 5153 825 5221 cit,
855 5151 932 5234 quod
988 5145 1481 5274 deiratiuaehodietantamlitem
1497 5153 1638 5231 movent..
1709 5219 1714 5230 .
1740 5219 1747 5231 ι

110 5241 163 5298 per
181 5241 309 5283 errorem
333 5225 406 5281 torte
430 5223 619 5280 amanuensis
634 5238 786 5295 perperam
803 5222 933 5278 additum
1024 5219 1080 5291 (77)
1110 5236 1127 5274 0
1144 5218 1323 5291 autographo
1338 5219 1401 5276 loco
1413 5237 1465 5292 quc
1476 5219 1664 5292 legiturqrua.
1677 5219 1749 5275 Malu
1764 5224 1811 5276 ta·

110 5301 167 5354 89),
989 5306 1057 5346 men
1069 5291 1174 5346 menda
1185 5291 1248 5346 visa
1257 5294 1301 5346 est
1314 5292 1512 5357 amanuensis,
1524 5296 1553 5346 et
1567 5288 1673 5346 melius
1684 5292 1811 5350 auctoris

145 5369 204 5439 (76)
219 5367 485 5439 conteranturqua
501 5368 665 5436 sequuntur
680 5381 746 5420 cum
762 5364 936 5437 interpreta—
989 5378 1109 5418 aenaum
1125 5362 1165 5418 ita
1185 5362 1296 5418 reterri.

109 5439 200 5509 boue,
217 5455 281 5512 qun
307 5438 431 5495 interius
456 5436 591 5505 babetur,
607 5436 785 5493 verborum:
811 5435 865 5507 dis,
887 5437 936 5507 qui
1025 5433 1082 5504 (78)
1096 5432 1191 5489 Verba
1200 5437 1417 5505 peccata...Dco
1428 5432 1457 5487 in
1469 5431 1602 5505 margine
1612 5432 1742 5492 interiori
1753 5434 1811 5498 sita

109 5511 320 5583 nmraumpra
339 5507 935 5580 coitumcocatiruntcanen,etseqnentium
989 5508 1069 5561 sunt.

111 5584 149 5649 ad
165 5598 230 5667 cap.
245 5599 307 5644 vnn
318 5528 427 5641 ssxinde
442 5579 520 5641 enim
535 5594 637 5639 eruere
651 5579 716 5650 erit,
728 5595 862 5656 quanam
876 5578 936 5641 iilis
1026 5574 1082 5653 (70)
1096 5574 1129 5634 10
1144 5591 1238 5651 marg.
1254 5591 1317 5650 cap.
1333 5573 1369 5632 11.
