3908 6096
647 336 915 413 tetamento.
929 368 969 405 τ-
984 336 1139 411 TEXTUS
1161 338 1303 400 AL'Illli.

1404 495 1817 524 zm

550 657 879 754 POLYPTICI
921 658 1161 754 TEXTUS
1199 661 1404 757 ALTER

322 865 419 921 Editus
433 881 451 920 a
463 865 567 922 laeuae
579 865 720 922 dominico
735 863 841 934 Massi,
857 865 888 920 iu
901 863 1084 921 idiseelteneia
1097 867 1184 921 aceris
1199 866 1320 934 Baleari,
1336 867 1405 924 edit.
1421 869 1499 938 Luc„
1512 885 1541 941 p.
1556 869 1620 928 560.

232 1165 414 1259 INCIPIT
437 1165 751 1259 POLIPTICUII
775 1164 901 1264 QUOD
925 1164 1253 1260 APPELLATUR
1275 1169 1710 1263 PERPENDICULUM.

395 1530 502 1570 rucirrr
524 1530 666 1571 acimaas.
959 1517 987 1583 Α
1002 1516 1252 1586 repraesentaverit
1262 1516 1433 1588 lpacondria
1443 1516 1522 1573 stilo.
1534 1515 1603 1573 'Pale
1616 1518 1692 1589 quad
1708 1515 1826 1573 resolvi·

154 1603 321 1661 Reverendo
337 1602 366 1658 in
384 1618 430 1659 me
446 1602 556 1659 Fulano
577 1602 661 1658 valde
676 1601 804 1673 presuli.
1003 1620 1070 1661 mus
1084 1604 1256 1662 dIserimine
1271 1605 1348 1660 trina
1363 1605 1518 1661 scanditur
1530 1605 1692 1678 fastigium,
1705 1606 1826 1678 quidum

155 1693 285 1750 Falanus
298 1691 421 1764 cupiens
433 1707 479 1748 me
490 1691 532 1748 sic
544 1692 662 1747 beatum
674 1692 784 1748 exitum
797 1692 891 1747 instat
901 1692 948 1746 Fe·
1002 1693 1144 1765 adjiciunt
1155 1710 1250 1750 assem
1263 1699 1314 1749 aut
1333 1711 1400 1750 cum
1412 1711 1520 1766 praees
1541 1694 1715 1750 nominatim
1729 1694 1827 1767 signat

118 1779 946 1854 licissImi0pilionisSilveslrisummimortuisaliqaibus,
1003 1798 1089 1854 quem
1106 1782 1193 1840 claris
1208 1783 1332 1839 nutibus
1346 1782 1390 1839 val
1415 1799 1483 1839 cnm
1507 1783 1609 1839 eadem
1623 1800 1679 1838 vax
1693 1783 1825 1839 omnium

121 1873 173 1930 sed
185 1870 258 1928 mihi
269 1886 322 1927 nec
333 1875 487 1927 emortuus
496 1870 581 1925 vivus
602 1869 693 1926 immo
705 1869 778 1925 mihi
789 1868 901 1925 vividus
916 1885 947 1925 es
1002 1871 1088 1928 celat.
1102 1871 1152 1927 Vel
1164 1889 1230 1928 cura
1243 1873 1345 1929 eadem
1358 1889 1461 1941 unum,
1473 1875 1524 1927 aut
1542 1887 1610 1926 cum
1632 1872 1761 1944 parentis
1775 1889 1827 1928 va-

121 1966 257 2017 martuus
272 1961 322 2016 sed
333 1959 418 2015 alvus
428 1959 458 2014 in
470 1975 527 2015 me.
546 1959 640 2030 Hujus
650 1958 807 2015 laberinthi
816 1959 872 2014 iter
880 1975 946 2014 cur·
1000 1959 1060 2017 lida
1067 1962 1135 2033 jure
1146 1961 1190 2017 sas
1201 1965 1246 2017 est
1259 1961 1369 2034 perlrui
1381 1962 1496 2017 throno.
1519 1961 1674 2032 improbus
1686 1965 1736 2016 aut
1746 1960 1828 2016 labor

120 2054 229 2122 rentes,
242 2052 294 2105 alit
306 2064 365 2121 qua
380 2048 541 2104 insistendo
557 2048 648 2103 vitare
666 2047 835 2121 voraginem
847 2047 946 2119 edoce,
1002 2054 1030 2105 st
1040 2066 1107 2105 cum
1119 2064 1228 2105 vesana
1238 2049 1398 2122 triumphis
1411 2049 1510 2121 praelis
1520 2050 1699 2106 conveniunt
1707 2066 1828 2121 propere

120 2143 171 2195 aut
181 2155 240 2211 quo
252 2135 386 2193 salubres
397 2135 508 2192 sublati
528 2135 678 2208 adtingere
688 2137 804 2207 possint
815 2136 945 2192 delicias.
1000 2137 1384 2210 trucibusalteriinsurgere
1393 2139 1548 2211 quemjam
1558 2142 1827 2209 cantaveratpraeeu

121 2218 416 2294 Ouasentiainhac
438 2241 558 2294 eernes;
588 2226 639 2281 sed
669 2225 946 2298 sicegoquaeettu
1001 2226 1825 2299 prophanisnonconjuretimanibusexecrabileslavent.

119 2319 340 2388 comparantur.
358 2313 519 2370 Cantabros
534 2317 568 2369 ut
583 2312 696 2387 pallini
715 2314 755 2369 lln
772 2331 836 2386 qua
851 2330 903 2387 ego
913 2318 945 2369 tu
1001 2316 1074 2382 Quid
1088 2316 1286 2372 ‘lExinanItur
1297 2316 1421 2372 emulus
1432 2317 1562 2389 penitus,
1583 2318 1667 2388 cujus
1687 2316 1826 2373 beneficio

119 2420 186 2477 qua
202 2401 336 2459 foelieiter
355 2402 453 2458 redde.
469 2405 573 2459 Amen.
1001 2404 1133 2461 ditantur
1146 2405 1232 2477 primi
1243 2405 1344 2462 velites
1355 2423 1407 2462 nec
1421 2410 1547 2478 poscunt
1564 2406 1764 2463 intemerabile
1774 2407 1824 2462 see·
1909 2435 1913 2443 ‹

395 2492 521 2564 Explicit
540 2492 665 2564 epistole.
1001 2495 1057 2550 dus
1071 2493 1101 2550 in
1118 2510 1175 2566 quo
1190 2494 1293 2550 herilis
1309 2511 1432 2551 somnus
1447 2495 1543 2566 capiat
1556 2493 1752 2550 dulcedinem.

366 2597 473 2637 iucirrr
490 2597 701 2637 aaauunuauu.
1037 2583 1092 2639 Sed
1106 2584 1192 2654 juvet
1202 2583 1319 2638 iuterim
1330 2584 1491 2655 Jocundius
1503 2584 1653 2639 traducere
1667 2583 1824 2641 remissum
1880 2622 1884 2635 ,

155 2669 217 2726 Noa
234 2669 323 2725 cbaos
338 2669 485 2741 explicant
499 2668 648 2741 sophista,
665 2668 837 2725 bombinare
848 2683 946 2723 rerum
999 2676 1118 2744 tempus
1131 2676 1160 2728 ct
1180 2671 1286 2744 placito
1309 2673 1395 2744 patiri
1409 2672 1523 2745 adeptis
1535 2677 1568 2727 ut
1582 2673 1668 2728 ambo
1680 2672 1828 2745 principes

120 2775 247 2831 exequar
262 2758 414 2815 assiduum
431 2759 503 2814 arbi.
520 2759 583 2814 Nou
599 2757 662 2814 ecia
676 2756 731 2814 hoa
748 2756 859 2814 calamo
875 2772 944 2813 cau·
999 2764 1227 2832 terreanturper
1238 2760 1374 2827 adversas
1394 2759 1460 2816 lites
1480 2777 1533 2817 nec
1554 2762 1681 2817 audeant
1696 2764 1829 2833 potentes

120 2864 208 2905 cussa
222 2847 338 2919 pistico,
350 2864 401 2904 aec
411 2846 498 2903 asille
508 2848 678 2918 pinsebant.
690 2847 796 2903 Fessus
803 2847 867 2918 jam
876 2846 945 2901 laiac
960 2882 985 2947 B
1000 2848 1169 2920 axippitare.
1182 2850 1288 2903 Contra
1300 2848 1410 2904 milites
1429 2847 1473 2904 vel
1485 2864 1592 2920 negare
1611 2849 1773 2921 quidquam
1784 2868 1829 2906 re·

121 2935 495 3010 perpendiculumponsm.
522 2935 613 3006 Cujus
639 2951 738 2991 vocem
768 2935 947 3006 nonpoterit
1003 2941 1062 2992 stat
1077 2940 1110 2991 ut
1121 2935 1236 3007 vigeant
1246 2935 1392 3007 principes
1404 2940 1519 2991 tantum
1538 2937 1698 2993 miserabili
1710 2938 1829 2994 nomine

120 3041 305 3098 compescere
321 3024 426 3091 aciare,
450 3040 503 3080 nec
528 3024 622 3080 Attica
647 3023 738 3080 Reme
752 3023 900 3080 inrumine
916 3024 947 3079 bl.
1003 3029 1036 3080 ut
1047 3024 1143 3096 patius
1155 3028 1367 3096 neccompotss
1379 3024 1439 3079 sint
1454 3024 1546 3080 imma
1559 3025 1676 3097 privata
1692 3027 1733 3081 rei
1745 3042 1825 3082 com-

119 3117 153 3171 Α.
169 3115 196 3171 J.
213 3114 244 3169 P.
1003 3119 1096 3186 pates.
1107 3113 1183 3168 Tum
1194 3111 1296 3169 sedulo
1308 3113 1459 3170 ruminant
1469 3119 1498 3169 et
1518 3119 1630 3170 secreta
1640 3131 1712 3170 eura
1722 3131 1827 3187 repen·

360 3202 484 3274 Explicit
497 3203 708 3272 Arqumentum.
1003 3204 1070 3259 dere
1096 3201 1184 3258 saeiis
1207 3202 1261 3258 has
1285 3202 1433 3275 strophas.
1460 3204 1644 3275 Quapropter
1667 3220 1719 3260 nec
1744 3205 1830 3260 taedet

121 3305 947 3354 iseramcanuanicuuauansracnnarusasarsualcucuu.
1003 3290 1136 3346 clancula
1149 3291 1333 3363 frequentare
1344 3307 1407 3347 sese
1418 3292 1493 3348 divis
1503 3292 1595 3348 ramis
1607 3296 1771 3363 percautus
1783 3309 1828 3349 re·

157 3382 282 3455 Fragilis
291 3398 397 3455 pompa
408 3380 497 3451 hujus
509 3379 561 3434 aevi
571 3379 697 3452 languor
707 3385 752 3435 est
762 3379 946 3451 etquaeritur,
1001 3378 1167 3434 veredarios
1182 3379 1232 3450 qui
1251 3395 1304 3434 nec
1329 3379 1486 3436 nunciasse
1511 3379 1611 3436 frivole
1635 3380 1691 3452 piis
1706 3379 1829 3437 solertes

119 3470 223 3543 pestis,
239 3475 283 3526 est
300 3474 328 3526 et
343 3469 521 3525 omnimodis
537 3469 677 3524 ambitur.
704 3471 771 3534 Qua
795 3468 904 3524 arridet
918 3467 947 3522 in
1002 3485 1054 3541 par
1069 3468 1146 3539 quod
1163 3467 1272 3525 milites
1288 3468 1382 3540 prima
1408 3469 1584 3542 instigentur
1599 3469 1737 3541 indagine
1751 3467 1828 3525 fulti.

120 3574 252 3629 accessu,
264 3574 332 3614 cum
349 3559 440 3630 serpit
458 3557 590 3628 delectat,
608 3557 637 3612 in
651 3557 737 3627 cujus
752 3556 949 3613 adolescentia
1002 3557 1142 3613 Externos
1154 3557 1241 3612 etiam
1253 3557 1343 3613 duces
1353 3562 1382 3613 et
1391 3558 1690 3630 conniventiarogant
1699 3557 1830 3615 etxeniis

121 3652 166 3703 est
176 3647 280 3720 ingens
292 3646 384 3713 labor,
395 3662 463 3702 cum
475 3646 645 3703 intumescit
655 3646 825 3718 prosternit,
838 3648 866 3702 et
880 3662 947 3701 curn
1002 3645 1154 3701 cumulant
1164 3651 1193 3702 et
1206 3661 1327 3718 propere
1336 3649 1431 3700 macta
1442 3647 1601 3717 deponunt.
1612 3645 1832 3718 Curpolllcetur

121 3736 276 3792 recesserit
290 3735 526 3808 blasphematur,
554 3735 624 3807 qula
654 3734 728 3791 solet
742 3735 863 3791 clientes
878 3751 948 3790 suos
1002 3735 1119 3791 extimis
1131 3735 1249 3791 fortune
1262 3739 1416 3806 potentum
1438 3736 1562 3790 necdum
1584 3739 1696 3791 extorta
1708 3751 1797 3807 quam
1810 3735 1832 3791 ii

121 3824 242 3880 reddere
257 3822 412 3897 ignobiles,
425 3826 596 3895 spernentes
607 3826 704 3878 autem
717 3839 747 3879 se
758 3822 879 3878 reddere
889 3821 948 3894 glo·
1002 3828 1170 3895 sequestres
1181 3823 1312 3894 gestiunt
1320 3821 1473 3892 praelibera
1482 3822 1525 3878 vel
1534 3823 1670 3890 strictim,
1682 3823 1833 3879 utauxilia

120 3911 225 3969 riosas.
1002 3928 1103 3968 earum
1112 3912 1241 3967 ferveant
1250 3912 1386 3966 edomare
1395 3911 1538 3982 superbos
1549 3926 1661 3982 secum,
1670 3911 1715 3965 vel
1724 3912 1748 3966 si
1758 3912 1832 3968 desi·

156 4000 219 4057 Non
231 3999 292 4056 hac
303 3998 411 4055 mirum
421 3999 491 4071 quia
499 4015 567 4055 eum
577 3999 720 4056 hactenus
729 3999 948 4056 extiteritruina
1002 4000 1053 4056 des
1065 4004 1200 4073 torpeant
1211 4004 1282 4055 tunc
1294 3999 1394 4055 sarire
1403 4016 1454 4070 per
1462 4016 1516 4054 sua
1524 4016 1602 4055 arma
1611 4000 1755 4071 denegent
1763 3999 1831 4054 sub-

120 4105 195 4161 pene
204 4089 343 4145 amnibus
353 4103 417 4144 sese
428 4088 645 4160 appetentibus,
658 4104 711 4144 nee
720 4093 891 4162 arrogantes
899 4089 948 4144 de·
1002 4088 1079 4145 sulla
1090 4089 1238 4161 oppressis
1250 4105 1317 4144 nem
1327 4087 1384 4160 Ipsi
1396 4089 1525 4144 saevIent.
1536 4089 1688 4160 Spectmen
1700 4091 1830 4159 propter·

120 4177 223 4233 llcinnt
233 4176 339 4247 adhuc,
354 4192 405 4233 nec
416 4176 561 4233 acerbitas
576 4194 608 4233 se
622 4176 752 4233 elevandi
768 4179 945 4234 moderatur.
1002 4196 1036 4235 ea
1048 4183 1137 4235 restat
1148 4177 1207 4233 doli
1228 4194 1285 4249 quo
1311 4177 1404 4233 allecti
1424 4178 1535 4233 tribuni
1556 4176 1706 4233 eliduntur
1716 4176 1744 4231 in
1757 4177 1828 4247 imo,

157 4264 300 4321 Fallentes
311 4280 342 4321 se
353 4264 471 4336 quidem
484 4264 864 4337 prestantioresveteribus,
872 4281 946 4337 quos
961 4245 983 4313 C
1002 4284 1069 4325 cum
1083 4268 1187 4323 herum
1200 4266 1308 4323 milites
1319 4270 1438 4339 captant
1448 4265 1570 4321 blandas
1582 4266 1676 4338 regias
1687 4282 1773 4321 auras
1784 4282 1791 4334 ;
1801 4270 1832 4322 et

120 4353 241 4426 provida
251 4369 376 4411 censura
386 4358 505 4410 accuset
515 4354 674 4426 segniores.
687 4355 797 4410 Horum
808 4354 897 4426 igitur
908 4354 947 4410 la·
1001 4357 1102 4414 dictati
1114 4357 1294 4412 muniatares
1307 4357 1430 4412 redeunt
1445 4355 1559 4411 indeed
1580 4353 1699 4427 propria
1711 4355 1826 4410 onustis

120 4457 185 4500 sees
196 4441 221 4497 si
232 4442 376 4498 enucleati
388 4443 534 4516 gradatim
547 4443 710 4511 initIentur,
722 4442 949 4516 dignumjudieo
1004 4446 1137 4502 hameris
1149 4462 1201 4502 nec
1212 4446 1305 4501 lerant
1315 4445 1405 4500 duces
1416 4444 1551 4500 dominas
1570 4443 1702 4516 ipsarum
1719 4443 1830 4515 primos

120 4530 326 4602 proenatandos
334 4548 409 4603 quos
419 4533 634 4604 rigentesserta
643 4531 948 4589 exhibentremiditas.
1004 4535 1129 4592 arbitros
1140 4534 1227 4589 etiam
1240 4534 1269 4589 in
1280 4532 1430 4605 largienda
1441 4532 1653 4588 beneficiasese
1661 4535 1831 4604 preparent

120 4618 197 4676 Num
213 4619 348 4677 Chronici
377 4620 515 4676 fraudant
543 4620 597 4677 boc
624 4621 674 4693 qui
691 4620 850 4694 presertim
867 4636 949 4676 sum·
1003 4623 1029 4679 si
1045 4624 1104 4679 sint
1119 4628 1199 4679 arcte
1214 4640 1251 4679 an
1271 4621 1363 4694 larga.

119 4723 203 4764 mum
219 4725 271 4778 ve,
288 4708 464 4780 clipeorum
480 4725 566 4766 omne
580 4715 757 4783 concrepant
771 4710 850 4765 ohe‘l
865 4709 948 4764 Haud
1039 4714 1073 4768 lit
1090 4713 1233 4768 loenerant
1248 4712 1395 4766 immunes
1417 4727 1433 4765 a
1453 4708 1579 4783 propria,
1605 4713 1633 4763 ct
1647 4707 1758 4764 vehunt
1773 4707 1829 4765 sibi

119 4801 311 4868 perstrepunt
323 4797 600 4868 agmeneornm,qui
611 4796 948 4871 gradiendapcrplexum
1002 4802 1077 4858 lidos
1093 4800 1277 4857 detrimendo
1290 4799 1422 4854 alterius.
1445 4797 1498 4862 Qui
1515 4798 1673 4870 praeierunt
1688 4815 1741 4871 per
1755 4815 1829 4870 qnos

119 4883 223 4940 callem
234 4884 413 4941 induxerunt
424 4890 583 4957 sequentes
591 4886 950 4958 porrectarubricaquam·
1003 4894 1135 4956 sumunt,
1147 4891 1198 4944 sed
1212 4906 1270 4943 non
1283 4905 1300 4942 a
1311 4888 1430 4959 quibus.
1451 4888 1480 4942 si
1502 4887 1562 4943 lars
1581 4890 1682 4958 sperat
1694 4886 1758 4955 bas,
1771 4885 1828 4956 ipsi

117 4971 162 5029 vis
178 4972 302 5046 plagast
316 4973 549 5030 inextricabilem
573 4979 727 5042 tessaram,
743 4975 793 5046 qui
808 4975 947 5031 durantes
1002 4976 1473 5033 ministrabuntdonecdiscantab
1483 4971 1828 5048 alterutroperlatainal·

117 5078 172 5118 nse
183 5062 357 5135 superstites
370 5062 476 5134 vixere,
489 5079 541 5119 nec
557 5063 664 5120 miselli
671 5064 880 5135 jocundantur.
892 5065 946 5120 sed
1001 5071 1227 5139 teratrumquae
1236 5060 1825 5132 moliussilerent.0uasstatuuntquidem

120 5166 176 5227 nee
187 5157 308 5209 autumo
319 5152 467 5209 sincerum
479 5168 556 5209 nune
568 5151 703 5225 privatim
715 5152 947 5209 adnatarelacies
1001 5155 1162 5228 explorare,
1175 5160 1203 5211 et
1213 5155 1357 5210 instruere
1370 5171 1400 5210 sa
1414 5172 1454 5210 se.
1468 5155 1488 5209 E
1503 5154 1611 5226 quibus
1622 5153 1765 5223 spargunt
1775 5164 1827 5220 per

117 5244 281 5314 gestorum,
296 5257 348 5296 noc
360 5257 410 5297 eos
422 5241 561 5312 quoniam
577 5239 682 5316 pupilli
702 5244 894 5296 musteatate
908 5241 948 5296 vi·
1001 5244 1134 5318 singulas
1148 5246 1251 5300 domos
1261 5242 1470 5313 velutsemIna,
1481 5240 1828 5312 undesmpemetuntnu·

118 5330 193 5386 dent
204 5346 284 5385 nunc
295 5329 384 5385 etiem
395 5329 457 5385 hae
468 5328 546 5386 clara
561 5336 589 5386 st
609 5329 769 5386 hauserant
780 5329 947 5401 frequenter
1001 5349 1064 5406 gas,
1077 5337 1105 5388 et
1116 5349 1191 5405 saepe
1209 5331 1383 5405 preciscunt
1402 5328 1593 5403 expedientia.
1620 5326 1692 5382 Hinc
1717 5325 1825 5383 milites

117 5417 242 5475 recitata
253 5435 270 5472 a
280 5416 344 5473 suis
356 5417 500 5490 patribus,
512 5423 541 5475 et
551 5419 733 5492 restringunt
743 5417 946 5474 certiusincul-
1001 5420 1118 5476 diluunt
1130 5422 1253 5494 primam
1267 5421 1353 5475 iidem
1370 5418 1507 5487 dominis,
1526 5418 1645 5471 llrmant
1656 5429 1772 5471 servare
1783 5432 1826 5470 se-

118 5511 195 5565 cata.
207 5506 289 5561 Nunc
296 5507 360 5577 jam
372 5506 402 5560 in
413 5512 551 5579 promptu
560 5513 731 5564 estcensere
740 5511 947 5578 membraprae·
961 5512 984 5576 D
999 5511 1126 5565 eundum
1139 5511 1332 5582 principibus,
1341 5509 1472 5579 quaejam
1482 5505 1583 5561 deerit.
1592 5505 1674 5560 Tune
1683 5507 1824 5560 aetantes
1921 5568 1924 5573 ¹

117 5596 218 5656 libatas
235 5595 371 5671 nequitie
392 5595 555 5654 meandum
577 5597 655 5671 quod
677 5613 748 5654 eura
760 5595 947 5669 perlambens
1001 5598 1132 5670 infamia,
1145 5594 1492 5673 supplantantdomInas,
1508 5611 1561 5651 nec
1575 5597 1719 5668 respuunt
1735 5595 1821 5652 dene·
