3908 6096
114 331 176 395 '1³³

407 331 612 396 expostam
632 333 672 395 ΙΝ
695 332 910 395 DPlS'lDth
932 330 1063 395 PAULI.
1079 363 1118 378 -
1138 331 1177 395 IN
1193 332 1316 397 setar.
1339 332 1391 395 AD
1412 329 1530 394 assa.

1760 329 1820 390 'tat

156 465 786 525 «AdFiliumautem:SedestuaDausin
803 466 1068 533 sacnlumAflliis
1097 469 1160 539 Dei,
1185 468 1291 525 iterum
1316 468 1351 524 ad
1381 465 1572 533 eternitatem
1600 460 1763 520 divinitatis
1791 460 1821 516 in

118 554 218 610 saculi
234 556 320 628 (Paul.
336 574 410 624 xciv,
426 560 491 628 7).»
511 559 626 615 Intuere
649 559 795 631 quomodo
820 558 943 628 dividat,

118 649 149 698 et
165 661 232 699 cum
248 650 359 716 quanta
373 645 503 703 claritate
517 653 667 704 creaturas
678 665 695 703 a
705 648 774 704 Filio
786 649 942 704 discernat.

116 729 220 803 Neque
235 732 417 790 differentius
437 752 542 790 nomen
563 737 729 809 appellabat
745 736 809 793 Filii
825 753 942 805 nomen,

117 819 146 875 si
161 822 294 890 ejusdem
306 828 384 877 asset
399 823 632 895 significationis.
645 851 658 876 «
671 827 771 897 Sedes,
783 832 844 892 tua,
856 828 943 893 Dens,

117 906 150 964 in
168 910 307 965 seculum
320 910 428 967 saculi.
440 935 454 962 a
468 917 538 969 Ecce
553 913 645 971 babes
656 915 736 988 regni
747 915 942 988 signaculum.

117 1018 134 1047 a
151 997 242 1070 Virga
262 999 419 1071 equitatis,
441 1024 455 1050 a
478 1001 586 1075 inquit,
613 1027 627 1052 «
651 1004 733 1077 virga
756 1004 838 1078 regni
862 1005 915 1061 tui.
930 1027 942 1052 a

117 1086 191 1143 Ecce
205 1087 296 1143 habes
315 1093 344 1144 et
365 1089 446 1146 aliud
461 1091 657 1164 signaculum.
676 1094 763 1167 Virga
777 1111 843 1150 vero
858 1109 944 1165 regu·

116 1173 178 1232 lam
193 1175 297 1232 divinae
308 1178 454 1250 significat
467 1183 623 1254 aequitatis,
635 1200 700 1255 qua
711 1184 851 1241 veraciter
865 1187 944 1238 recta

115 1264 233 1335 dicitur,
249 1267 319 1338 quia
332 1267 414 1324 nulla
428 1271 570 1342 pravitate
585 1278 729 1327 curvatur.
744 1254 831 1344 Virga
845 1273 943 1342 justos

116 1355 203 1427 regit,
219 1354 326 1427 impios
342 1359 483 1428 percutit;
500 1361 551 1415 sed
567 1360 729 1433 hacvirga,
742 1361 882 1416 tortitudo
898 1365 944 1416 est

117 1442 240 1508 invicta,
256 1446 379 1517 aequitas
400 1448 575 1514 rectissima,
590 1449 758 1506 inflexibilis
776 1449 941 1521 disciplina.

116 1532 199 1588 llanc
220 1534 299 1589 enim
324 1535 437 1607 virgam
459 1539 552 1610 regni,
576 1539 694 1594 honoris
718 1539 844 1612 insigne,
861 1555 943 1611 scap-

116 1626 199 1678 trum
215 1622 353 1680 dicebant
367 1626 542 1697 antiquitus,
554 1627 743 1700 designantes
758 1627 788 1682 in
804 1643 838 1684 ea
852 1627 942 1683 virtu-

116 1715 184 1766 tum
201 1726 311 1784 regem,
328 1713 487 1771 Dominum
502 1715 693 1774 Salvatorsm.

997 558 1099 614 eodem
1125 557 1196 613 Filio
1220 557 1269 614 Dei
1293 555 1434 614 convertit
1458 572 1489 611 se
1512 551 1665 625 apostolus
1688 550 1823 607 testimo·

998 647 1081 701 nium
1104 645 1224 703 alterius
1249 646 1354 719 psalmi
1377 646 1482 702 dicere.
1497 644 1546 700 Ait
1559 642 1639 698 enim
1656 658 1663 696 ε
1679 662 1694 690 «
1711 644 1740 695 et
1755 655 1762 694 :
1778 640 1821 695 Tu

998 735 1027 791 in
1045 736 1199 809 principio,
1217 736 1348 805 Domine,
1368 741 1477 790 terram
1494 731 1635 788 laudasti.
1652 753 1667 781 a
1683 730 1724 784 Ne
1748 728 1822 784 torte

997 825 1075 881 enim
1105 824 1243 894 audiena,
1269 848 1283 874 «
1308 841 1371 879 cum
1403 822 1563 879 introducit
1590 817 1847 891 Primogenitum

997 911 1027 967 iu
1057 916 1157 970 orbern
1187 918 1281 984 terras,
1301 936 1316 964 a
1342 918 1442 985 postea
1470 911 1511 966 illi
1541 911 1683 966 donatum
1712 922 1821 961 munus

997 1002 1158 1069 existimes,
1186 1003 1225 1058 ita
1251 1003 1405 1075 subjungit
1421 1018 1427 1057 :
1443 1024 1453 1052 ι
1470 1002 1528 1056 at:
1553 999 1596 1054 Tu
1615 999 1651 1052 in
1666 993 1820 1068 principia,

998 1093 1129 1163 Domine,
1159 1097 1265 1149 terram
1295 1091 1426 1147 fundasti
1456 1090 1542 1145 (Psat.
1572 1105 1609 1155 cr,
1637 1087 1694 1157 26).
1719 1106 1733 1134 o
1758 1084 1822 1139 Non

997 1197 1086 1252 nunc,
1100 1183 1149 1238 sed
1167 1183 1205 1238 ab
1220 1182 1303 1238 initio
1317 1197 1368 1254 per
1381 1178 1542 1236 divinitatis
1556 1175 1727 1249 potentiam,
1740 1174 1823 1229 Crea-

996 1274 1043 1326 tor
1063 1277 1131 1327 ante
1156 1276 1316 1340 creaturas,
1331 1269 1394 1326 sine
1408 1268 1506 1340 aliquo
1530 1264 1613 1321 initio
1638 1261 1821 1336 cognosceris

997 1361 1154 1418 exstitisse.

1034 1473 1048 1502 a
1064 1451 1099 1505 ut
1123 1467 1211 1523 opera
1238 1464 1380 1505 manuum
1410 1452 1528 1503 tuarum
1558 1448 1628 1500 sunt
1652 1441 1752 1498 coeli.»
1769 1441 1822 1497 Hic

998 1555 1115 1604 manus,
1132 1541 1271 1594 virtutem
1290 1536 1436 1608 jussionis
1455 1535 1507 1591 Dei
1522 1533 1665 1590 debemus
1680 1531 1820 1603 accipere.

997 1628 1070 1683 Nam
1095 1628 1124 1682 in
1154 1627 1211 1683 alio
1238 1626 1301 1682 loco
1330 1625 1456 1681 dicitu<
1472 1622 1616 1690 Quoniam
1645 1621 1709 1693 ipse
1736 1619 1822 1690 dixit,

997 1721 1026 1774 et
1039 1717 1118 1772 sacta
1132 1720 1216 1784 sunt;
1233 1716 1295 1788 ipse
1318 1712 1478 1778 mandavit,
1495 1716 1523 1768 st
1539 1714 1636 1767 creata
1650 1712 1721 1765 sunt
1735 1708 1822 1780 (Psot.

157 1822 171 1849 a
191 1799 318 1857 Dilexisti
333 1803 489 1873 justitiam,
506 1808 534 1859 et
548 1805 633 1861 edisti
652 1805 864 1878 iniquitatem.»
878 1806 945 1877 Ipsa
960 1836 984 1901 B
999 1823 1113 1872 excurri,
1129 1807 1169 1878 5).

120 1892 167 1945 cst
181 1888 263 1961 virga
287 1895 365 1946 recta
378 1896 408 1946 st
423 1893 584 1949 dominatio
599 1894 826 1962 dominantium,
848 1909 946 1949 amare

1036 1918 1050 1945 «
1066 1895 1124 1967 lpsi
1149 1894 1295 1968 peribunt.
1310 1914 1325 1944 a
1351 1895 1474 1950 Pereunt
1496 1889 1575 1946 enim
1604 1888 1640 1944 ah
1668 1903 1701 1943 eo
1731 1889 1822 1954 statu,

116 1977 946 2055 justitiametudisssiniquitatem.Nemoenimperfecte
999 1982 1030 2038 in
1060 2001 1117 2056 quo
1146 2000 1224 2040 nunc
1253 1987 1339 2049 sunt,
1369 1982 1441 2036 dum
1473 1981 1627 2034 mutantur
1654 1978 1684 2031 in
1717 1972 1823 2030 melius

120 2067 220 2140 diligit
233 2068 391 2139 justitiam,
404 2070 459 2126 nisi
470 2072 520 2144 qui
536 2077 620 2128 actus
635 2073 781 2144 pessimos
796 2071 945 2128 abomina·
1000 2078 1149 2129 creature.
1169 2096 1182 2122 a
1198 2074 1241 2128 ‘lu
1264 2076 1363 2127 autem
1388 2083 1552 2142 permanes.
1570 2089 1584 2116 a
1600 2065 1636 2122 Ut
1650 2065 1726 2121 sicut
1740 2066 1823 2120 aiter·

119 2160 180 2224 tur,
196 2156 242 2212 cni
256 2158 386 2214 veritatis
401 2177 483 2215 amer
498 2162 598 2217 odium
614 2166 660 2218 est
674 2161 821 2218 falsitatis.
1001 2164 1121 2218 nitatem
1133 2161 1248 2218 Domini
1265 2160 1404 2226 ostendit,
1416 2163 1574 2230 antequam
1590 2159 1700 2211 crearet
1713 2151 1823 2222 omnia,

158 2246 213 2301 Sed
230 2245 298 2302 huic
310 2249 403 2304 amori
419 2249 558 2306 bonitatis
573 2251 681 2307 etodio
693 2251 947 2324 iniquitatisque
1000 2251 1043 2308 sic
1058 2255 1125 2324 post
1140 2249 1228 2308 coelos
1250 2254 1390 2317 mutatos,
1405 2248 1503 2319 ipsum
1528 2245 1600 2301 dicit
1614 2243 1644 2299 in
1660 2241 1825 2312 majestatis

120 2335 243 2408 premia
258 2336 319 2392 sint
331 2337 454 2406 reddita,
467 2338 568 2394 subter
581 2341 710 2412 exponit,
724 2341 825 2397 dicens
836 2358 862 2396 :«
880 2342 946 2396 Pro·
1000 2356 1062 2397 sua
1076 2340 1169 2414 gloria
1183 2355 1364 2413 permanere.
1379 2361 1389 2387 ι
1405 2337 1440 2392 st
1454 2351 1556 2392 omncs
1571 2337 1604 2389 ut
1616 2331 1824 2388 vestimentum

121 2428 221 2497 pterea
235 2425 319 2481 unxit
332 2430 360 2481 te
376 2425 464 2494 Deus,
478 2428 556 2484 Deus
571 2433 650 2484 tuus.
663 2452 676 2479 a
692 2429 833 2501 Repetitio
847 2434 946 2485 autem
1000 2432 1191 2485 veterascent.
1204 2452 1214 2477 ι
1228 2430 1328 2501 Ipsum
1342 2425 1507 2489 veterascit,
1523 2423 1612 2495 quod,
1628 2436 1709 2477 mors
1722 2417 1823 2487 vestis,

120 2512 278 2586 ista,quod
295 2514 365 2570 dicit
381 2534 406 2571 :a
425 2519 511 2584 Deus,
524 2523 628 2585 Deus»
640 2519 817 2591 praeconium
834 2535 946 2591 magna
1000 2521 1144 2574 vetustate
1163 2518 1357 2584 consumitur,
1370 2516 1447 2572 sicut
1461 2530 1528 2570 caro
1551 2512 1682 2568 humana
1705 2511 1822 2565 morte:

120 2602 286 2660 dilectionis
297 2606 433 2662 ostendit.
446 2608 499 2663 Sed
513 2610 660 2680 quomodo
672 2609 854 2679 Dens,cujus
866 2608 946 2663 thro·
1001 2623 1069 2680 qua
1088 2612 1187 2663 tamen
1213 2605 1320 2662 melius
1349 2605 1377 2659 in
1408 2602 1621 2660 resurrectione
1650 2596 1822 2654 mutabitur.

120 2708 178 2748 nus
206 2699 252 2748 eat
275 2694 304 2748 in
332 2695 471 2751 seculum
498 2695 608 2765 seculi,
624 2699 746 2770 ungitur
759 2715 776 2752 a
791 2698 849 2753 Deo
866 2713 872 2752 t
889 2696 945 2752 nisi
1000 2697 1121 2752 Addidit
1135 2713 1252 2768 quoque
1267 2713 1272 2751 :
1285 2718 1299 2745 «ι
1316 2695 1351 2750 Et
1366 2693 1444 2751 velut
1459 2691 1600 2747 amictum
1616 2686 1747 2745 mutabis
1761 2701 1823 2752 eos,

121 2780 255 2837 Christus
268 2784 364 2851 lasus,
377 2783 428 2856 qui
443 2801 477 2839 ex
490 2785 556 2858 ipsa
566 2786 703 2842 unctione
717 2785 823 2843 Christi
840 2802 946 2842 nomen
1000 2789 1029 2840 et
1044 2785 1248 2841 mutabuntur.
1263 2807 1277 2834 n
1291 2783 1373 2839 Sicut
1387 2780 1512 2854 quilibet
1534 2778 1674 2835 amictum
1694 2773 1824 2839 involvit,

120 2871 397 2943 accepittsshriama
412 2875 530 2946 quippe,
548 2876 662 2941 unctio;
678 2876 821 2941 Christus,
840 2879 947 2930 unctus
1001 2879 1089 2945 atquc
1104 2877 1261 2945 permutat,
1278 2872 1319 2928 sic
1335 2875 1364 2926 et
1378 2871 1474 2941 ipsum
1491 2867 1636 2923 mundum
1651 2865 1824 2919 immutatu-

122 2959 451 3018 dicitur.Unctusenim
462 2962 749 3035 Christus,etregem
762 2962 948 3035 significatet
1000 2979 1052 3018 rus
1076 2967 1121 3017 cst
1144 2963 1247 3033 (1390),
1267 2965 1297 3016 st
1319 2958 1516 3015 conditionem
1540 2959 1569 3011 st
1592 2952 1825 3010 transformatio·

122 3050 947 3124 sacerdotem,quiadignitatesistasumebanturpersa·
1001 3067 1160 3124 memque>
1189 3051 1227 3106 sit
1249 3050 1277 3104 in
1305 3047 1421 3114 melius,
1439 3043 1596 3101 tamiacils
1625 3039 1731 3114 poterit
1757 3055 1824 3111 ope·

122 3137 304 3195 eratissimos
327 3140 489 3196 unctiones.
500 3141 572 3196 Nam
588 3145 617 3196 et
633 3140 730 3212 ipsum
747 3156 851 3210 nornen
863 3139 946 3196 Chri·
1001 3141 1072 3211 rari,
1088 3141 1165 3196 sicut
1185 3138 1309 3212 quilibet
1331 3135 1472 3193 amictum
1495 3132 1621 3188 involvat
1646 3134 1733 3202 atque
1757 3145 1824 3201 per·

122 3226 257 3290 sti‚sicut
272 3228 330 3298 jam
347 3228 458 3283 dictum
474 3233 557 3295 est,a
572 3233 673 3284 sancto
688 3229 846 3285 chrismate
859 3245 947 3284 voca·
962 3204 984 3271 C
1003 3233 1106 3286 mutet.

121 3318 182 3370 tur.
203 3316 258 3372 Sed
276 3315 371 3371 inille
394 3322 500 3372 natura
522 3323 629 3374 unctus
644 3318 761 3389 dicitur,
777 3318 807 3373 in
823 3333 881 3389 qua
896 3334 947 3390 per
1039 3341 1053 3368 «
1067 3320 1110 3375 Tu
1126 3321 1223 3374 autern
1247 3316 1325 3372 idem
1349 3314 1412 3386 ipse
1433 3330 1474 3383 ss,
1490 3315 1519 3368 et
1534 3309 1603 3366 anni
1626 3307 1669 3364 tui
1692 3322 1751 3363 non
1775 3306 1825 3362 da·

121 3402 373 3474 dispensationem
389 3406 486 3461 carnis
503 3405 594 3473 nasci,
612 3413 641 3463 et
656 3408 740 3476 mori,
752 3413 781 3463 et
796 3422 948 3480 resurgere
1002 3408 1111 3464 licient.
1128 3430 1143 3458 »
1170 3407 1252 3462 Sicut
1279 3405 1358 3461 enim
1388 3401 1478 3474 Moysi
1507 3397 1618 3455 famulo
1647 3412 1700 3452 8110
1728 3394 1824 3450 di¹il2

121 3493 265 3547 veraciter
292 3492 401 3549 dicitur
428 3493 571 3550 Christus.
595 3499 735 3552 Ceterum
764 3497 858 3552 deitas
883 3498 948 3568 ejus
1002 3503 1092 3570 «Ego
1117 3513 1182 3552 sum
1206 3495 1257 3568 qui
1283 3510 1348 3551 sum
1367 3491 1463 3549 :asic
1489 3488 1554 3545 istis
1584 3487 1679 3543 trihus
1692 3483 1825 3541 versibus

122 3579 206 3636 nullo
220 3597 351 3649 munera,
369 3582 449 3639 nullo
465 3583 575 3639 honore
590 3585 717 3657 indiguit
732 3585 875 3658 adjuvari.

159 3691 173 3719 «
190 3669 258 3726 Olea
276 3671 490 3736 exsultationis,
504 3696 518 3722 a
534 3673 644 3746 duplici
669 3676 755 3730 modo
780 3674 947 3731 unctionem

122 3756 204 3814 illam
220 3764 353 3816 sanctam
369 3762 537 3833 provenisse
549 3763 707 3834 signifieat.
718 3764 781 3819 Non
796 3763 894 3820 oleum
908 3763 948 3818 vi-

122 3846 218 3917 sibile,
235 3849 285 3904 ssd
300 3848 426 3920 Spiritus
442 3851 535 3906 sancti
558 3852 682 3924 gratiam
706 3852 896 3919 invisibilem,
912 3852 948 3907 de

1002 3586 1194 3644 commutatio
1224 3588 1374 3649 creaturae,
1396 3585 1423 3638 et
1453 3580 1601 3636 aeternitas
1628 3573 1743 3632 Domini
1771 3573 1826 3628 boe

1003 3677 1033 3733 in
1050 3676 1113 3732 loco
1128 3692 1145 3730 a
1159 3673 1304 3747 Propheta
1325 3668 1492 3728 admirabili
1516 3665 1656 3723 brevitate
1680 3661 1828 3735 descripta

1002 3769 1079 3909 eslle
1096 3850 1259 3924 majestatis
1281 3849 1385 3905 divina
1400 3845 1560 3902 eternitate
1574 3843 1604 3898 in
1621 3841 1704 3908 Filio,
1720 3841 1826 3896 iterum

123 3951 183 4008 qua
193 3938 406 3994 beatusPetrus
416 3940 567 4011 apostolas
578 3940 948 4012 inactibusapostolorum
1003 3942 1107 3998 heatus
1124 3939 1231 3996 Paulus
1250 3937 1286 3994 ad
1300 3933 1492 3992 humanitatis
1506 3933 1570 4002 eius
1585 3928 1826 4003 glorificationem

122 4029 163 4094 (x,
178 4026 234 4096 38),
245 4031 382 4095 testatur,
396 4028 495 4084 dicens
507 4045 532 4084 t«
546 4030 649 4085 issum
665 4030 947 4102 Nazarenum,qnem
1003 4045 1168 4087 sermonem
1192 4026 1306 4093 direxit,
1323 4025 1424 4079 dicens
1439 4040 1446 4078 :
1460 4042 1475 4072 «
1488 4021 1531 4075 Ad
1547 4034 1634 4092 quem
1659 4021 1759 4073 autem
1775 4033 1826 4071 an·

123 4114 208 4169 unxit
223 4116 300 4172 Deua
320 4116 430 4188 Spiritu
453 4122 565 4185 sancto,
581 4123 610 4173 et
630 4119 748 4174 virtute.
761 4141 776 4168 a
788 4122 822 4173 Et
836 4118 865 4173 in
882 4134 947 4189 pro·
1002 4118 1135 4194 galerum
1160 4116 1233 4172 dixit
1254 4112 1411 4184 aliquando
1428 4126 1434 4164 :
1451 4110 1525 4166 Sede
1539 4124 1556 4162 a
1569 4106 1679 4162 dextris
1699 4105 1796 4160 meist
1813 4128 1826 4154 a

122 4203 221 4275 phetia
238 4221 244 4260 ε
261 4226 275 4254 α
292 4205 388 4262 inveni
405 4206 494 4262 David
510 4223 626 4262 servum
644 4224 753 4273 meum,
769 4205 832 4263 oleo
848 4211 948 4264 saneto
1003 4208 1089 4281 (Psat.
1101 4223 1157 4273 cix,
1170 4205 1208 4276 1.)
1219 4203 1323 4259 Victori
1339 4198 1421 4265 Filio,
1434 4200 1463 4255 et
1478 4214 1529 4271 per
1544 4200 1677 4252 sanctam
1692 4193 1826 4250 incarna-

122 4308 189 4348 meo
205 4293 272 4348 unxi
287 4310 355 4350 eum
367 4296 452 4367 (Psoi.
470 4313 604 4361 cxxxvrn,
618 4298 656 4368 2),
670 4320 684 4346 a
700 4296 862 4368 pereleum
878 4313 948 4351 san·
1002 4299 1112 4355 tionem
1127 4295 1217 4352 totius
1239 4290 1342 4348 mundi
1365 4286 1583 4361 triumphatori,
1599 4289 1666 4358 post
1680 4300 1825 4340 resurrec-

122 4386 205 4438 ctum
229 4383 399 4456 significans
424 4385 567 4457 Spiritum
591 4390 738 4441 sanctum.
765 4385 832 4441 Sive
861 4384 948 4440 etiam
1002 4387 1091 4444 tionis
1106 4385 1230 4459 gloriam
1254 4378 1434 4437 honorabilis
1453 4377 1746 4446 contessuspaternae
1762 4389 1825 4428 ma·

122 4469 222 4526 oleum
234 4471 337 4528 latitia
351 4472 393 4529 illi
405 4474 587 4546 iuit,peccati
604 4475 749 4530 maculam
762 4491 819 4530 non
831 4472 947 4529 habere.
999 4476 1116 4549 jestatis
1131 4475 1262 4532 ollertur.
1279 4474 1311 4526 ut
1332 4487 1383 4543 per
1401 4468 1480 4524 hunc
1494 4466 1584 4522 situm
1612 4467 1754 4534 suscepte
1771 4462 1825 4518 hu·

123 4558 206 4616 Unde
221 4578 252 4617 se
267 4568 436 4619 sanctornm
462 4564 639 4621 conscientia
654 4580 770 4636 semper
794 4562 947 4629 exhilarat,
963 4569 986 4633 Ι)
1001 4564 1153 4621 manitatis
1168 4562 1261 4637 gloria
1274 4559 1448 4617 declaretur.
1463 4579 1477 4606 a
1494 4554 1594 4622 Quoad
1611 4567 1703 4624 usque
1718 4568 1826 4623 ponam

122 4649 242 4722 quando
257 4650 336 4706 nulla
353 4652 561 4710 recordationis
576 4653 733 4726 asperitate
749 4653 910 4709 mordetur.

162 4762 173 4788 ι
192 4740 250 4795 Prae
266 4740 458 4813 participibus
470 4728 636 4798 tnishldeo
651 4748 749 4799 antem
765 4742 875 4797 dictum
892 4744 947 4804 est,

125 4850 137 4877 ι
155 4844 213 4901 prce
229 4828 420 4901 participibus
431 4830 520 4898 tuis,»
531 4832 670 4903 quoniam
686 4832 762 4887 hanc
774 4829 951 4886 benedictio.

122 4932 190 4973 nem
207 4934 299 4991 supra
309 4934 396 4975 omne
410 4919 574 4974 humanum
591 4935 695 4991 genus,
709 4922 770 4978 sive
784 4938 878 4994 reges,
891 4925 950 4981 sive

121 5008 291 5064 sacerdotes
314 5008 343 5062 in
361 5008 454 5064 Veteri
471 5009 668 5077 rtestamento,
685 5013 745 5068 sive
768 5011 857 5068 etiam
881 5032 950 5086 apo·

121 5095 216 5153 stolas
230 5101 260 5153 et
276 5101 419 5169 martyres
443 5097 473 5152 in
488 5097 577 5162 Novo,
594 5097 776 5171 figurabatur
791 5104 948 5174 accepisse,

121 5188 151 5241 et
166 5190 275 5241 unctus
290 5184 480 5258 singulariter
495 5191 613 5243 caeteros
629 5204 749 5261 ungere,
765 5188 794 5245 id
811 5195 865 5257 est,
882 5208 949 5247 san·

121 5272 251 5330 ctitlcare
272 5273 431 5330 debuisset.
449 5275 481 5329 ln
498 5275 562 5347 ipso
577 5275 655 5331 enim
673 5277 738 5333 sons
763 5281 808 5335 est
830 5279 949 5336 henedi-

122 5361 272 5427 ctionis,a
297 5380 364 5432 quo,
382 5368 466 5434 prout
490 5363 548 5435 ipsi
572 5364 667 5421 visum
693 5365 789 5437 hierii,
806 5384 857 5439 per
883 5369 947 5425 uni·

122 5467 223 5507 versos
239 5451 346 5507 electos
363 5456 491 5506 emanat.

97 5544 113 5565 ‘
160 5539 229 5596 Post
246 5540 439 5597 humanitatis
462 5539 553 5613 igitur
565 5541 753 5615 excellentie,
765 5562 828 5619 qua
844 5551 949 5609 praest

160 5647 253 5723 (1390)
268 5647 301 5704 ln
316 5647 384 5704 Cod.
400 5648 430 5702 iri
444 5651 571 5706 moturas
585 5653 634 5706 est.

1002 4654 1137 4710 inimicas
1151 4658 1227 4708 tuos.
1241 4673 1255 4700 a
1270 4649 1352 4716 Quod
1375 4651 1473 4703 autem
1490 4645 1605 4701 aPatrs
1628 4640 1827 4714 subjiciuntur

1003 4744 1076 4800 Filio
1091 4741 1215 4806 inimici,
1232 4756 1289 4795 nun
1305 4735 1507 4794 infirmitatem
1525 4733 1598 4800 Filii,
1615 4733 1665 4788 ssd
1683 4730 1825 4787 unitatem

1005 4838 1126 4901 natura,
1147 4847 1206 4903 qna
1232 4829 1262 4883 in
1286 4827 1376 4883 altero
1404 4824 1480 4880 alter
1506 4827 1652 4895 oporatur,
1669 4820 1825 4893 significat:

1005 4922 1078 4979 Nam
1093 4925 1122 4976 et
1133 4919 1222 4975 Filius
1238 4914 1359 4988 subjicit
1371 4913 1507 4969 inimicos
1522 4912 1612 4982 Patri,
1626 4911 1696 4984 quia
1711 4909 1825 4964 Patrem

1005 5009 1145 5067 clarificat
1165 5022 1254 5080 super
1276 5009 1422 5061 terram·
1440 4998 1604 5058 Scahellum
1630 4998 1737 5072 pedum
1761 5001 1825 5050 tuo·

1004 5114 1082 5155 rum.
1096 5121 1109 5148 a
1126 5097 1179 5152 Per
1194 5095 1282 5169 pedes
1297 5098 1394 5150 autem
1418 5090 1545 5158 Domini,
1558 5087 1703 5146 stabilitas
1718 5088 1826 5139 aterna

1004 5187 1198 5262 significatur,
1222 5183 1272 5240 ubi
1298 5181 1357 5252 ille,
1382 5185 1524 5253 tanquam
1550 5174 1681 5247 vestigiis
1709 5170 1823 5244 positis,

1003 5278 1083 5335 omni
1099 5274 1235 5348 potentia
1259 5289 1319 5330 sue
1341 5270 1448 5326 virtute
1471 5264 1613 5323 consistit.
1624 5263 1676 5319 His
1700 5260 1824 5334 pedibus

1002 5370 1117 5424 constat
1130 5380 1194 5420 esse
1210 5361 1389 5428 subdendos,
1401 5357 1449 5430 qni
1464 5355 1594 5428 quotidie
1603 5352 1742 5409 vitiorum
1754 5366 1824 5406 cou-

1002 5456 1152 5514 trarietats
1175 5451 1324 5520 derelicta,
1345 5450 1530 5504 revertuntur
1551 5444 1586 5499 ad
1611 5440 1780 5510 Dominum,
1796 5445 1824 5496 ct

1001 5551 1142 5620 tanquam
1159 5541 1320 5601 scabellum
1336 5536 1472 5610 pedibus,
1487 5533 1528 5589 ita
1550 5533 1614 5607 ejus
1637 5531 1823 5609 pradicatio·
