3908 6096
124 336 187 401 369

407 333 615 400 Expostulo
636 334 676 398 IN
701 334 915 397 uelsuotas
938 335 1066 398 PAULI.
1084 366 1123 379 -
1146 336 1186 397 ΙΝ
1208 334 1362 399 EPIS'M
1384 335 1437 399 Aa
1460 337 1548 399 COR.

1771 334 1830 399 'le

118 469 229 546 galium
244 469 345 526 venale
356 470 520 527 ostendere.
538 469 664 525 Gloriam
674 485 758 525 suam
772 468 852 524 illam
865 469 945 537 dicit,
962 476 988 543 Α
1009 475 1038 527 et
1053 472 1200 528 nutriebat
1215 489 1283 529 suos
1301 474 1519 540 auditores‚non
1531 470 1626 528 solum
1638 468 1750 544 eosqui
1766 485 1830 544 per-

119 577 211 634 quam
226 559 438 630 habebatapud
450 560 542 613 Dcum
557 559 718 630 pertesum
731 557 950 628 christumque
1003 563 1079 617 versi
1094 567 1187 629 erant,
1202 563 1251 616 sed
1268 564 1356 618 etiam
1373 563 1438 619 illos
1455 562 1503 634 qui
1520 562 1594 634 pigri
1617 561 1653 617 ed
1669 562 1745 619 bona
1760 578 1827 634 ope·

119 647 808 720 omnibnsperhumil-itatemcondescendensse
822 646 949 702 similem

119 740 165 796 eis
181 738 331 795 reddebat.

156 827 314 900 Sequitur:
331 827 361 881 Si
377 828 600 897 maspeticauero
617 827 819 897 (subauditur,
838 827 901 881 ideo
918 832 950 880 ut

120 916 179 973 hoc
193 916 235 971 ita
249 916 300 970 liat
314 915 344 972 in
359 917 415 986 ms)
441 933 497 970 aaa
514 924 552 971 est
568 916 639 971 miti
653 916 752 986 pluria.
771 916 888 979 Quare?
906 917 951 970 Ne-

117 1008 231 1062 cessitas
247 1007 321 1061 enim
336 1006 405 1059 milri
419 1006 548 1060 iscambit
563 1006 616 1060 hac
627 1009 742 1068 estnon
762 1004 857 1060 habeo
874 1005 952 1059 unde

118 1099 280 1152 sustentor.
298 1094 378 1149 Unde
406 1098 435 1149 et
450 1095 622 1166 subjungit:
651 1097 693 1150 Va
709 1095 782 1149 mibi
796 1105 844 1158 est,
860 1095 886 1147 si
899 1110 953 1148 aare

117 1184 361 1255 aeditimum.-
374 1183 427 1238 boc
438 1183 573 1252 est,malo
586 1198 649 1237 meo
661 1199 716 1237 non
731 1181 951 1253 evangelizab03

117 1274 191 1347 qnia
205 1273 282 1328 lame
298 1272 461 1327 cruciabor.
480 1289 537 1327 non
553 1271 663 1327 babens
681 1272 757 1326 unde
774 1271 880 1326 vivam.
897 1271 950 1326 Se-

119 1363 225 1436 quitur
236 1379 242 1416 :
255 1361 287 1416 Si
303 1364 378 1417 caim
394 1359 486 1417 sotem
499 1359 840 1431 erranpelisaveraetoflis
856 1359 951 1414 verbis

117 1451 251 1508 ostendit
265 1450 392 1523 qualiteu
404 1449 663 1522 evangelizandum
679 1450 727 1514 sit,
747 1449 800 1503 boc
813 1449 951 1519 estquod

118 1540 219 1597 omnis
234 1540 301 1595 {inis
312 1539 466 1609 Evangelio
478 1539 516 1594 sit
529 1540 763 1594 constituendus.
783 1538 864 1602 Quod
881 1554 949 1592 eum

120 1628 347 1696 fit‚v01untaria
372 1632 417 1684 est
432 1627 608 1700 pradicatio,
625 1644 713 1698 quam
730 1631 869 1698 sequetur
888 1643 951 1697 per·

1006 653 1129 707 randum
1144 669 1150 718 ;
1167 667 1319 722 quousque
1337 654 1372 708 nd
1397 653 1451 707 iter
1467 654 1636 724 provocaret
1660 648 1775 715 salutis,
1791 667 1828 708 ne

1006 741 1078 796 sorte
1090 740 1229 796 acriterse
1241 738 1744 810 inereputosdolentes,scandalinati
1754 756 1829 797 rece·

1008 829 1401 898 darentlltbocsciendum,
1414 831 1550 901 quianon
1567 828 1829 901 quesisimalando

1006 935 1046 983 se,
1063 919 1189 974 oscinibus
1201 920 1295 973 omnia
1310 919 1418 974 laetum
1431 920 1511 987 dicit,
1526 920 1603 991 quod
1615 923 1660 974 est
1675 917 1830 974 simulato·

1006 1025 1091 1071 rum:
1109 1025 1166 1062 non
1183 1007 1270 1062 etiam
1285 1007 1454 1064 mentientis
1469 1015 1544 1074 astu,
1562 1010 1612 1065 sed
1624 1008 1830 1080 compatientis

1007 1098 1111 1152 affeetu
1126 1116 1132 1163 ;
1150 1114 1207 1151 non
1223 1095 1346 1151 aliorum
1372 1095 1449 1151 mala
1468 1098 1622 1164 imitando,
1639 1099 1689 1155 sed
1707 1097 1831 1154 aliorum

1008 1185 1831 1256 omniummalisomnibusoompatiendo‚etmisericordis

1009 1275 1159 1329 medicina
1175 1274 1318 1330 medelam
1335 1275 1528 1347 procurando.

1043 1363 1201 1435 Sequitur:
1231 1364 1326 1418 Faetus
1353 1380 1417 1417 sum
1444 1363 1547 1420 taleis
1563 1371 1693 1434 tauquam
1707 1365 1831 1435 ludaetts,

1008 1456 1062 1508 etc.
1080 1438 1136 1507 Iste
1151 1452 1228 1506 enim
1245 1469 1304 1508 non
1327 1451 1485 1507 simulandi
1516 1451 1623 1520 studio,
1646 1453 1697 1509 sed
1713 1469 1831 1526 compa·

1007 1541 1098 1595 tiendi
1114 1539 1367 1611 allectu‚sorvabat
1377 1539 1460 1596 illam
1475 1540 1627 1612 antiquam
1642 1542 1830 1597 consuetudi·
1912 1601 1920 1609 ,

1009 1645 1074 1684 nem
1085 1628 1101 1683 J
1105 1630 1301 1699 udaeorum‚ut
1311 1629 1354 1684 vel
1368 1646 1432 1685 eam
1448 1630 1614 1685 ostenderet
1624 1647 1641 1685 a
1652 1631 1708 1685 Deo
1719 1630 1831 1698 datam,

123 1723 215 1792 petua
228 1716 435 1773 remuneratio.
1004 1719 1091 1789 juxta
1110 1717 1161 1773 Dei
1176 1717 1399 1790 dispositionem
1415 1733 1509 1790 usque
1522 1719 1558 1774 ad
1573 1723 1690 1792 tempus
1706 1718 1831 1791 prefini-

161 1807 316 1879 Sequitur:
334 1807 364 1862 Si
379 1814 468 1861 autem
482 1807 596 1872 inuitus,
616 1805 786 1877 dispensatio
801 1805 871 1859 milri
894 1820 952 1859 cre·
970 1842 993 1906 B
1010 1806 1136 1877 tum‚vel
1152 1811 1228 1862 certe
1243 1824 1307 1862 eam
1324 1826 1340 1863 a
1356 1807 1663 1879 sacrilegissepararet
1677 1807 1831 1881 gentilium

125 1895 188 1952 dita
202 1901 253 1952 est.
269 1897 304 1951 nt
327 1901 372 1951 est
399 1911 526 1950 sensus:
554 1895 582 1949 Si
608 1901 727 1966 propter
749 1894 953 1950 necessitatem
1009 1896 1110 1951 saeris.
1129 1891 1194 1968 lpse
1210 1896 1310 1962 etiam,
1328 1896 1454 1968 diligens
1469 1896 1634 1968 proximum
1650 1912 1738 1952 suum
1755 1901 1787 1952 nt
1801 1912 1832 1952 se

127 1984 300 2056 temporetis
315 1985 380 2039 vita
397 1982 532 2055 predico,
557 1982 737 2055 dispensatio
759 1983 830 2039 mihi
846 1983 955 2038 credita
1009 1984 1118 2055 ipsum,
1134 2000 1191 2039 non
1204 1984 1333 2051 fallebat,
1346 1985 1530 2049 sed‚omnino
1543 2001 1601 2040 non
1617 1984 1834 2056 fallenspraeta·

127 2077 191 2141 est;
208 2074 278 2145 quia
289 2072 339 2127 alii
351 2088 402 2142 per
412 2071 579 2126 mebonum
591 2087 678 2127 suum
690 2071 846 2141 accipiunt,
860 2072 887 2126 id
898 2074 953 2136 est,
1012 2077 1073 2127 tam
1087 2072 1222 2127 servabat
1236 2073 1490 2138 consuetudinem,
1507 2076 1539 2127 ut
1552 2089 1601 2128 eos
1616 2073 1660 2129 vel
1676 2073 1711 2128 ab
1727 2072 1777 2129 illo
1792 2090 1834 2128 er

126 2161 331 2233 Evangelium,
348 2160 426 2232 quod
441 2165 561 2215 amant:
587 2164 615 2214 st
629 2175 682 2231 ego
697 2160 832 2215 mercede
847 2158 953 2231 privor,
1010 2176 1074 2216 rore
1090 2177 1148 2232 quo
1163 2161 1192 2215 in
1208 2160 1356 2216 Christum
1369 2177 1426 2215 non
1439 2158 1653 2225 credebant‚vel
1665 2160 1701 2215 ab
1715 2159 1765 2216 illo
1775 2177 1833 2233 quo

125 2251 208 2322 quod
224 2249 334 2305 malum
349 2249 540 2304 valdeest.Ao
557 2249 648 2314 netas,
661 2252 778 2320 propter
789 2247 956 2304 necessaria
1008 2248 1039 2304 in
1055 2248 1128 2319 legis
1144 2248 1323 2303 ceremoniis
1348 2265 1379 2304 se
1403 2249 1560 2319 sperabant
1579 2264 1700 2304 suornm
1716 2248 1832 2304 veniam

122 2338 300 2410 temporalis
315 2338 389 2406 vita,
402 2337 530 2408 aliquem
543 2338 719 2410 praedicare;
737 2339 805 2410 qaia
816 2339 879 2408 J’am
896 2353 953 2391 non
1008 2337 1147 2407 consequi
1163 2341 1359 2408 peecatorum,
1382 2340 1504 2393 erueret.
1533 2337 1671 2392 Servabat
1685 2337 1784 2404 etiam,
1800 2339 1834 2393 ut

125 2428 282 2501 premium
298 2426 509 2498 evangelicum,
527 2427 575 2481 sed
587 2426 713 2498 pretium
727 2425 952 2497 quaritur:oeu
1008 2427 1294 2482 soostenderetnon
1322 2426 1478 2481 abhorrere
1493 2441 1527 2481 ea
1540 2425 1702 2482 intentione
1730 2428 1833 2497 quaet

126 2533 230 2573 servus
246 2515 379 2583 inutilis;
395 2516 473 2587 quod
485 2519 602 2587 accepto
615 2516 722 2581 officio,
738 2515 887 2570 conservis
899 2531 953 2570 an·
1008 2513 1118 2569 Patres.
1135 2515 1187 2578 Qui
1217 2518 1313 2569 servat
1326 2514 1413 2569 etiam
1438 2513 1633 2570 intentionem
1649 2529 1707 2586 qua
1719 2515 1829 2581 Patres,

127 2622 235 2662 nonem
252 2605 364 2671 tribuit,
381 2608 409 2659 et
420 2605 481 2659 solo
497 2604 561 2659 cibo
572 2608 739 2670 contentas,
751 2604 883 2659 mercede
895 2603 953 2675 pri·
1009 2619 1068 2657 non
1083 2604 1199 2672 erat,ita
1213 2607 1322 2669 tamen,
1341 2604 1416 2658 utin
1432 2602 1613 2658 ceremoniis
1637 2602 1710 2674 legis
1725 2619 1784 2658 non
1799 2619 1831 2658 se

126 2698 223 2749 vetur.
238 2696 420 2765 Quapropter
448 2693 717 2765 evangelizandum.
744 2710 799 2747 nan
836 2697 954 2764 propter
1009 2690 1830 2764 credatpossesanctificari,quiaomnissanctificatioin

128 2781 304 2839 transitoria
319 2781 384 2836 vita
400 2781 575 2849 mercedem,
592 2782 642 2836 sed
655 2786 768 2837 aterna
785 2798 953 2837 remunera·
1008 2780 1123 2835 Christo
1140 2782 1214 2836 taeta
1228 2786 1282 2836 est.
1309 2781 1381 2836 llino
1396 2784 1441 2836 est
1461 2781 1538 2853 quod
1555 2797 1622 2838 cum
1637 2781 1744 2838 iudeis
1768 2797 1832 2837 ser·

128 2871 251 2927 tionem.
265 2872 302 2925 At
315 2886 382 2925 vero
406 2869 476 2941 quia
490 2869 560 2925 alibi
582 2886 612 2925 se
628 2870 784 2940 Apostolus
800 2871 953 2940 dispensa·
1010 2885 1089 2934 vans,
1106 2886 1163 2924 non
1179 2886 1243 2924 cam
1259 2869 1385 2942 imponit
1405 2869 1580 2925 Gentilibus.
1777 2932 1779 2936 Α

128 2963 223 3014 torem
238 2959 268 3014 in
284 2959 360 3014 bono
375 2957 456 3023 dicit,
468 2962 497 3013 et
509 2957 556 3012 hic
567 2958 815 3029 dispensationum
831 2959 860 3012 in
878 2958 954 3013 malo
1045 2957 1201 3028 Sequitur:
1218 2960 1267 3012 llis
1282 2960 1329 3029 qui
1349 2957 1399 3012 sub
1415 2958 1471 3028 tepe
1492 2963 1568 3024 sunt,
1584 2963 1656 3025 eta,
1674 2974 1767 3029 usque
1783 2957 1832 3014 ubi

128 3047 221 3121 ponit,
238 3064 274 3104 ne
284 3045 449 3102 contrarius
460 3047 504 3101 sui
517 3046 661 3116 videatur,
673 3045 825 3101 sciendum
836 3050 880 3101 est
891 3063 955 3102 esse
1010 3045 1078 3101 dicit
1093 3064 1098 3100 :
1116 3048 1214 3101 Factus
1228 3064 1289 3101 siim
1304 3047 1442 3115 infirmus.
1458 3044 1532 3101 Dicit
1546 3045 1601 3102 boc
1617 3064 1674 3103 non
1690 3047 1833 3103 mentien-

129 3132 961 3208 servum,quitransitadtiliorumoptionemetillarum.
1010 3134 1048 3187 tis
1068 3137 1143 3200 astu,
1169 3135 1218 3189 sed
1249 3134 1453 3205 compatientis
1482 3133 1596 3190 affectu.
1627 3132 1836 3206 illudquoque

128 3240 241 3290 rerum,
258 3240 384 3295 quarum
400 3227 445 3277 est
455 3222 608 3290 Dominus,
624 3227 669 3278 est
682 3226 710 3277 et
721 3223 909 3278 distributor:
926 3204 990 3277 at}
1010 3222 1172 3292 sciendum,
1185 3223 1383 3293 quintuerunt
1396 3222 1527 3279 nonnulli
1538 3223 1587 3295 qui
1604 3222 1740 3278 dixerunt
1750 3221 1835 3279 illum

124 3314 215 3384 juxta
225 3310 280 3366 hoc
289 3328 320 3366 se
332 3311 566 3381 dispensatorem
579 3310 714 3365 dicit.Hic
727 3327 793 3366 vero
804 3311 956 3382 dispensa·
1013 3308 1150 3365 simulata
1165 3310 1194 3364 in
1211 3310 1319 3383 templo
1345 3310 1571 3379 sanctificatum,
1597 3315 1627 3366 et
1638 3311 1654 3366 J
1659 3311 1775 3366 udaeum
1792 3311 1833 3366 ia·

127 3400 243 3454 tionem
258 3398 288 3453 in
304 3398 382 3454 malo
399 3397 479 3467 dicit,
491 3401 577 3469 juxta
588 3399 651 3469 boc,
664 3400 740 3471 quod
753 3400 881 3455 rusticus
896 3416 957 3455 ser·
1012 3398 1160 3454 otum.Sed
1177 3398 1296 3455 omnino
1313 3416 1370 3455 non
1392 3403 1437 3455 est
1452 3401 1630 3456 credendum
1645 3400 1723 3473 quod
1747 3404 1834 3456 tauta

127 3504 185 3544 vus
201 3491 264 3544 est:
282 3487 374 3543 servis
391 3487 541 3541 ministrat
560 3503 716 3554 annonem,
733 3487 794 3543 solo
809 3488 873 3543 cibo
888 3505 956 3543 oon·
1012 3487 1195 3543 auctoritatis
1213 3487 1256 3542 vir
1271 3488 1381 3561 aliquid
1397 3488 1535 3546 simulate
1546 3489 1648 3563 egerit.
1664 3490 1718 3546 Sed
1735 3506 1768 3547 ea
1783 3507 1836 3546 au-

129 3581 241 3632 tentus.
254 3575 336 3640 Quod
348 3574 550 3647 seqnitur,sub
561 3575 788 3648 interrogatione
800 3575 955 3648 legendnm
1011 3576 1144 3631 ctoritate
1159 3581 1187 3631 et
1201 3575 1376 3633 liberalitate
1392 3595 1451 3649 qua
1472 3578 1561 3634 dicit:
1578 3578 1761 3635 Circumcisus
1777 3581 1836 3636 ati·

130 3670 185 3731 est,
201 3668 230 3718 et
240 3663 447 3736 suspendenda
457 3667 503 3718 est
514 3679 577 3731 vox,
590 3680 744 3735 quousque
754 3665 878 3720 redditio
895 3666 954 3721 fiat.
1011 3667 1072 3736 quis
1092 3674 1201 3721 circatas
1211 3681 1267 3720 non
1282 3667 1403 3722 adducat
1416 3670 1584 3739 preputium
1599 3668 1623 3739 (l
1631 3669 1693 3726 Gor.
1707 3685 1757 3735 vn,
1769 3669 1814 3740 18)
1829 3686 1836 3736 ;

131 3754 165 3809 nt
181 3757 213 3808 ut
228 3752 358 3824 apertius
373 3752 492 3819 clarent,
508 3752 916 3824 interrogemusApostolum
928 3759 957 3809 et
1011 3752 1065 3808 boc
1079 3759 1136 3818 est,
1160 3771 1218 3808 non
1244 3755 1313 3810 velit
1337 3756 1432 3810 vivere
1461 3761 1493 3810 ut
1517 3756 1721 3828 praeputiatus,
1736 3756 1765 3811 id
1782 3760 1837 3823 cst,

131 3842 266 3898 dicamus
279 3858 285 3896 :
297 3840 475 3912 OApostole‚
489 3857 553 3913 qna
564 3847 609 3896 est
618 3856 730 3897 merces
741 3846 802 3907 tua,
815 3843 864 3914 qui
875 3842 954 3897 illam
1011 3858 1129 3896 carnem
1144 3842 1247 3898 nudati
1262 3843 1384 3897 membri
1393 3846 1501 3914 tegere,
1514 3849 1541 3898 et
1554 3844 1583 3897 in
1598 3844 1742 3916 preputio
1755 3861 1838 3900 voca·

132 3930 296 3986 mercedem
311 3945 370 3984 non
386 3929 504 4000 accipis,
517 3944 581 3999 qna
598 3928 663 3984 aliis
674 3930 769 3993 datur,
786 3946 841 3984 non
857 3934 956 3985 tumen
1013 3934 1059 3985 tus
1075 3947 1133 3984 non
1144 3927 1318 3985 velitvivere
1330 3934 1362 3984 ut
1372 3930 1564 3986 circumcisus
1577 3947 1625 3985 :se
1635 3947 1753 4002 quoquo
1765 3931 1839 3986 dixit

131 4018 248 4074 obeam
278 4017 532 4088 predicantibus?
559 4014 626 4079 Qua
654 4017 692 4071 sit
720 4016 907 4072 manifestat:
926 4019 958 4074 llt
1011 4016 1269 4072 ludaisJudoeum
1293 4018 1414 4081 sactum,
1441 4021 1470 4072 et
1485 4016 1621 4087 gentibus
1636 4014 1786 4088 gentilem.
1803 4017 1837 4071 Et

127 4107 286 4180 practicam
301 4107 492 4177 Evaapetium.
508 4105 689 4177 siaesumptu
703 4122 814 4176 ponam,
831 4105 885 4161 hoc
901 4111 955 4172 est,
1012 4104 1250 4172 hocnotandum,
1263 4104 1331 4175 quia
1339 4104 1433 4176 legem
1445 4103 1495 4158 Dei
1508 4107 1537 4159 et
1546 4103 1727 4171 Christi,non
1738 4109 1837 4160 tamen

130 4196 285 4253 ostendam
302 4194 492 4265 Evangelium
510 4210 566 4249 non
583 4209 646 4250 essa
662 4197 882 4266 sumptuosum,
899 4211 955 4249 non
1012 4198 1044 4249 ut
1059 4193 1117 4249 alia
1131 4194 1180 4264 sit,
1208 4193 1285 4248 sicut
1314 4193 1493 4250 Manicbaeus
1509 4193 1558 4261 ait,
1575 4194 1626 4250 sed
1652 4211 1751 4250 unam.
1763 4194 1840 4251 Dicit

129 4285 223 4342 etiam
238 4284 350 4340 venale.

166 4373 254 4430 Redit
270 4374 305 4429 ad
322 4376 496 4446 potestatem
524 4374 684 4442 acceptam,
710 4387 776 4426 oum
799 4371 883 4427 dicit:
899 4372 957 4427 Nan

127 4463 232 4517 abutar
246 4466 378 4533 potestate
392 4476 454 4516 meu
477 4462 507 4515 ia
522 4461 679 4531 Euanpetio.
707 4461 766 4515 Non
783 4461 959 4515 abutebatur

128 4555 278 4623 potestate
287 4568 341 4607 sua
351 4550 380 4605 in
392 4549 556 4622 Evangelio,
573 4548 602 4604 ul
614 4548 735 4604 liberius
745 4548 959 4621 corrigerentur
974 4571 997 4636 D

130 4644 299 4712 peccantes.
310 4639 541 4695 Ostenditetiam
554 4654 585 4694 se
596 4637 694 4710 ipsum
705 4637 870 4709 exemplum
883 4637 957 4706 illis;

129 4745 163 4786 ec
186 4728 211 4784 si
226 4729 352 4784 diceret:
378 4729 409 4783 ln
430 4744 476 4783 me
490 4727 593 4782 discite
615 4726 793 4798 exemplum,
809 4728 871 4798 qui,
887 4744 958 4798 quo·

130 4818 213 4874 niam
229 4817 364 4890 expedire
379 4833 437 4871 non
453 4815 740 4888 intelligo‚potestate
756 4832 820 4871 mea
836 4833 891 4870 non
908 4817 959 4871 ab·

129 4911 200 4963 utor
215 4907 245 4962 in
270 4906 442 4979 Evangelio:
469 4906 512 4962 sic
527 4911 555 4961 et
569 4922 630 4974 vos,
655 4907 725 4977 qaia
751 4923 809 4960 non
824 4907 959 4978 expedire

127 4995 307 5070 intelligitis,
333 4995 467 5068 quamvis
509 4993 620 5049 licitum
647 4994 694 5063 sit,
725 4994 886 5067 idolothyta
900 5012 957 5050 non

128 5085 305 5142 comedatis.

165 5174 243 5246 (611)
258 5174 416 5245 Sequitur:
433 5177 504 5229 Nam
517 5188 580 5226 cum
595 5170 758 5226 liberassem
773 5187 808 5226 ea
821 5172 957 5239 omnibus,

127 5267 187 5320 etc.
205 5262 291 5320 Liber
306 5266 378 5319 arat.
395 5262 472 5318 sicut
494 5259 644 5330 Scriptura
668 5260 759 5315 dicit:
784 5259 912 5315 Omnium
927 5277 958 5316 se
998 5262 1158 5343 *tractabat
1171 5265 1199 5315 et
1209 5260 1414 5315 considerabat
1427 5285 1433 5325 ;
1445 5264 1474 5315 et
1484 5260 1525 5314 ita
1536 5258 1577 5313 eis
1589 5254 1744 5311 subvenire
1759 5260 1838 5328 opta·
1942 5259 1952 5273 “

126 5369 243 5410 servum
260 5353 327 5409 iecit
338 5369 345 5420 ;
358 5350 428 5424 quia
439 5367 489 5422 per
499 5348 696 5404 humilitatem
710 5350 957 5418 condescendens,

129 5438 686 5500 menteseomnibussimilemreddidit
701 5440 958 5512 l'ovebetnamque

168 5657 246 5731 (ott)
262 5656 295 5715 ln
311 5659 409 5728 autog.
425 5669 519 5728 marg.
536 5653 578 5711 lbi
595 5651 702 5726 legitur
716 5669 780 5725 cap.
797 5652 866 5710 XLI.

1012 4283 1099 4338 etiam
1115 4283 1145 4338 in
1161 4281 1233 4355 lege,
1249 4283 1303 4338 sub
1329 4282 1392 4355 lege
1414 4288 1441 4338 et
1457 4282 1520 4339 sine
1533 4281 1616 4356 lege:
1633 4288 1661 4340 et
1676 4283 1755 4340 aliud
1771 4285 1837 4356 hoc,

1012 4371 1091 4427 aliud
1109 4371 1181 4426 illud
1196 4372 1320 4445 intelligi
1344 4371 1419 4428 vult.
1451 4373 1511 4428 Sub
1528 4373 1591 4446 lege
1617 4378 1662 4429 est
1676 4374 1773 4431 carnis
1787 4374 1839 4429 lu·

1012 4462 1102 4529 dans,
1120 4461 1149 4515 in
1167 4460 1230 4532 lege
1241 4465 1285 4518 est
1295 4461 1534 4530 catholicas,sine
1544 4460 1606 4533 lege
1617 4460 1741 4534 quilibet
1750 4478 1840 4534 paga·

1015 4549 1841 4623 nusgentilis.Ouapropterilliquidiountquodsimulete

1015 4639 1045 4694 in
1061 4639 1172 4711 templa
1189 4656 1220 4695 ss
1236 4638 1438 4704 sanctificavit,
1450 4637 1622 4692 etludaeum
1647 4636 1840 4710 simulaverit,

1014 4729 1113 4784 dicunt
1127 4731 1155 4783 et
1170 4728 1235 4782 ficte
1260 4729 1337 4782 idolo
1349 4726 1540 4793 sacrificasse,
1554 4730 1587 4781 ut
1601 4743 1632 4782 se
1651 4726 1787 4798 gentilem
1803 4727 1841 4784 si·

1015 4817 1151 4884 moleret,
1167 4816 1217 4886 qui
1234 4833 1291 4870 non
1316 4813 1411 4870 solum
1434 4831 1491 4870 non
1518 4815 1657 4882 adoravit,
1673 4818 1724 4873 sed
1741 4817 1839 4889 potius
1888 4841 1893 4852 ·

1014 4905 1187 4961 detestando
1204 4904 1239 4959 ad
1257 4903 1387 4975 palmam
1404 4904 1535 4976 martyrii
1550 4906 1690 4976 pervenit.
1706 4906 1781 4979 Ergo
1797 4904 1838 4957 ia·

1014 4999 1079 5049 ctus
1096 4998 1140 5048 est
1160 4993 1279 5048 Jndmus
1294 4993 1412 5060 tudere,
1429 4999 1457 5048 et
1482 4993 1620 5065 gentibus
1635 4992 1763 5068 gentilis,
1779 5005 1837 5045 non

1014 5081 1183 5137 mentientis
1199 5086 1275 5146 astu,
1295 5082 1345 5138 sed
1360 5081 1565 5153 compatientis
1580 5078 1767 5151 affeetu,quia
1777 5075 1840 5130 illo·

1014 5188 1079 5226 rum
1096 5169 1229 5226 omnium
1240 5187 1367 5227 errorem
1380 5176 1409 5226 et
1421 5172 1578 5227 cecitatem
1595 5168 1679 5240 quasi
1690 5165 1837 5238 propriam

1013 5350 1064 5405 bat
1079 5367 1129 5404 ceu
1147 5349 1201 5404 sibi
1217 5348 1312 5414 vellet,
1325 5349 1348 5404 si
1361 5349 1390 5403 in
1407 5349 1448 5403 eis
1464 5348 1524 5419 ipse
1538 5344 1723 5400 detineretur.
1741 5345 1837 5401 Sanus

1014 5455 1142 5509 namquo
1154 5438 1279 5494 deservit
1290 5434 1445 5506 infirmasi
1457 5435 1519 5504 ejus
1529 5432 1730 5490 infirmitatem
1742 5435 1836 5492 consi·
