3908 6096
80 332 139 395 l65
375 332 582 396 uxuuslrlu
604 330 642 393 lN
667 333 880 395 aelstanus
902 332 1034 394 PAULI.
1050 366 1088 375 -
1109 334 1147 393 lN
1171 334 1295 395 llPlST.
1318 336 1370 395 AD
1393 334 1487 397 lton.
1725 336 1783 397 166

82 466 169 523 ribus
183 466 261 539 apud
278 464 412 523 homines
430 466 520 522 rideri
545 466 650 533 bonus,
668 466 717 521 sed
747 482 803 520 non
827 465 905 536 apud
920 466 948 532 Α
963 464 1061 520 onrnia
1072 464 1133 519 irari
1148 465 1179 520 in
1190 466 1374 539 baptismate.
1386 466 1444 522 Nec
1460 465 1519 522 ullu
1529 468 1679 525 beatitudo
1692 468 1785 538 nrajo'r

82 556 188 612 Deum.
205 554 289 623 Quia,
305 555 383 612 sicut
397 556 473 611 bona
486 570 574 626 opera
596 555 660 611 sine
684 555 750 621 fido,
768 554 809 610 itu
835 554 907 610 tides
961 572 1025 610 esse
1040 559 1145 626 potest,
1156 572 1244 627 squam
1260 555 1323 610 sine
1341 555 1397 611 ullo
1413 555 1604 627 paenitudinis
1620 556 1727 625 labore,
1740 575 1784 614 re-

84 644 114 701 in
130 659 270 717 processu
286 644 426 717 temporis
441 642 513 698 nibil
539 643 623 715 valet,
640 644 697 699 nisi
719 644 797 699 bona
820 660 908 715 opera
962 642 1133 699 missionem
1144 643 1276 699 omnium
1287 646 1426 716 consequi
1443 649 1639 717 peecatorum.
1652 647 1707 702 Sed
1719 663 1785 704 ecce

83 738 258 805 sequantur.
269 734 314 802 ut,
331 738 363 789 ut
377 750 460 789 suam
477 732 675 789 narrationem
689 732 810 789 Genesis
825 732 907 788 testi-
962 734 977 788 J
981 733 1063 788 uduo
1074 733 1263 804 quaestionem
1278 734 1423 805 proponit,
1435 735 1634 805 subjungens:
1650 735 1785 793 beatitudo

84 822 184 879 monio
200 822 411 893 comprobaret,
428 822 556 891 adjecit:
582 823 656 893 (incid
675 825 749 877 enim
765 822 910 893 Scriptura
962 837 1026 893 erqo
1042 823 1099 879 laur
1116 825 1144 877 in
1159 824 1369 878 eir-rmncisione
1383 823 1456 894 (171)
1479 834 1582 891 maurt,
1597 842 1634 879 an
1656 826 1740 881 etiarm
1755 828 1785 881 in

82 912 176 969 dicit?
189 915 250 967 lloc
272 914 316 966 est
332 925 339 964 t
364 911 442 967 unde
456 911 606 983 Scriptura
621 911 693 967 dicit
712 912 909 981 justificatum
961 912 1122 983 prinpalis?
1135 912 1196 974 ero
1212 916 1347 966 manente
1363 928 1516 983 suspenso,
1530 912 1648 968 iul-ulit:
1664 915 1787 969 Dicimus

85 999 259 1057 Abraham?
274 998 428 1071 Operibus,
444 1016 481 1055 an
497 1000 577 1055 fidet
597 998 664 1055 l'ide
681 999 804 1071 utique:
830 1015 909 1067 nam,
963 1002 1047 1068 enirn,
1064 1002 1131 1071 quia
1154 1003 1279 1071 reputata·
1298 1009 1337 1055 est
1351 1000 1468 1057 ilbralnu
1491 1000 1558 1070 tides
1577 1002 1615 1057 ad
1632 1003 1785 1073 justitiam.

82 1088 205 1147 credidit
219 1087 357 1143 Abrclaam
371 1088 434 1158 Deo,
449 1091 473 1142 et
488 1095 644 1159 reputatam
659 1090 696 1141 est
714 1088 743 1143 ei
764 1086 800 1142 ad
821 1087 910 1156 jasti—
964 1089 1052 1153 Quasi
1067 1089 1195 1144 diecret:
1213 1087 1282 1143 certi
1293 1089 1367 1159 Ι(175)
1378 1105 1482 1144 samus
1497 1090 1532 1145 de
1555 1090 1784 1161 justificatione:

83 1180 156 1235 tiam
170 1175 242 1249 (Gal.
258 1192 301 1247 m,
316 1176 355 1246 o).
371 1175 425 1231 Ubi
442 1176 616 1246 notandum,
632 1174 773 1247 quianon
790 1174 838 1245 uit,
855 1175 911 1230 cir·
965 1179 1015 1235 sed
1031 1178 1066 1233 de
1081 1182 1212 1250 tempore
1226 1177 1394 1249 querimus.
1413 1182 1445 1231 ut
1460 1177 1515 1232 hoe
1529 1183 1583 1248 est,
1595 1181 1672 1251 quod
1689 1181 1787 1252 sequi·

86 1266 239 1323 cumcisus
250 1270 312 1333 cst;
324 1264 908 1336 sed,crcdidit,quialldejustilicatusest.
967 1272 1015 1323 tur
1030 1283 1037 1322 z
1065 1267 1200 1335 Quomodo
1214 1282 1276 1337 erqo
1291 1274 1418 1337 reputata
1439 1272 1502 1321 cst?
1526 1268 1553 1321 iu
1569 1270 1788 1341 circumcisione,

86 1358 121 1413 st
135 1358 238 1425 autari,
252 1355 302 1426 qai
315 1362 453 1426 operator,
466 1369 567 1409 neerces
581 1369 635 1409 raon
651 1354 806 1426 imputatur
818 1370 912 1410 secua·
966 1357 1040 1427 (tau)
1055 1373 1116 1411 earn
1131 1359 1206 1422 esset,
1223 1374 1257 1410 ιιιι
1275 1357 1305 1411 in
1317 1357 1476 1427 praeputio?
1489 1356 1523 1410 ut
1536 1356 1636 1412 ludauo
1654 1362 1789 1415 manente

86 1446 156 1501 duni
168 1448 300 1517 qratiam,
315 1443 361 1499 sed
374 1443 522 1499 secandam
538 1443 668 1499 debitam.
680 1444 714 1499 ut
729 1448 773 1499 est
788 1459 910 1499 sensus:
968 1462 1111 1518 suspenso
1131 1462 1184 1501 nee
1207 1444 1331 1500 audente
1346 1445 1530 1515 respondere,
1547 1461 1584 1500 ne
1608 1444 1670 1502 suis
1694 1448 1790 1504 serbis

86 1534 120 1589 lli
136 1534 185 1607 qui
202 1536 349 1604 operatur,
365 1530 393 1587 id
410 1536 464 1599 est,
480 1533 530 1604 qui
546 1534 582 1587 de
596 1532 733 1605 oporibus
750 1532 913 1603 presumit,
968 1538 1129 1606 caperetur,
1146 1534 1208 1606 ipso
1224 1534 1278 1589 sibi
1296 1534 1457 1605 respondit,
1472 1533 1573 1589 dicens
1590 1550 1596 1587 z
1613 1536 1672 1589 Δ1ὀιι
1688 1538 1716 1590 in
1732 1538 1790 1592 cir-

89 1639 201 1679 merces
217 1639 274 1677 non
290 1622 455 1693 imputatur
470 1622 631 1677 seemrdum
648 1621 784 1694 gratiam,
800 1622 850 1677 sed
867 1636 913 1677 ss·
967 1626 1146 1687 carracisione,
1166 1622 1211 1677 scd
1236 1626 1263 1677 in
1287 1625 1484 1695 preputium
1509 1624 1618 1695 quibus
1641 1624 1747 1693 verbis,
1765 1624 1791 1679 si

88 1712 222 1768 cundum
247 1710 389 1775 debitum,
406 1710 476 1782 quia
499 1710 562 1766 suis
585 1710 697 1767 meritis
719 1710 912 1781 justilicutur.
969 1712 1791 1785 diligenterantnroarertamus,riaotueapostoluselicere

88 1801 163 1857 Nam
180 1816 259 1857 more
270 1799 401 1855 humano
413 1798 569 1871 Apostolus
584 1799 732 1871 loquitur,
749 1801 818 1854 duan
835 1800 913 1855 enim
969 1820 1002 1858 eo
1017 1808 1148 1873 tempore
1165 1802 1348 1857 rronrinatum
1364 1801 1523 1867 attraham,
1540 1819 1607 1873 quo,
1625 1820 1682 1857 non
1704 1804 1792 1860 albra-

88 1888 198 1961 aliquis
214 1888 297 1946 alteri
312 1888 424 1959 tribuit,
437 1889 514 1943 unde
529 1888 762 1945 vicissitudinum
779 1889 914 1960 accipiat,

88 1978 242 2035 marcesci
264 1994 322 2035 non
338 1977 502 2051 imputatur
516 1978 680 2033 secundum
695 1978 831 2050 gratiam,
847 1977 916 2049 quia

85 2066 162 2125 nihil
176 2067 269 2139 gratis
284 2067 399 2123 tribuit.
416 2071 448 2121 ln
463 2067 521 2122 Deo
542 2083 608 2122 vcro
628 2084 686 2122 non
711 2067 752 2122 ita
776 2071 830 2139 est,
846 2067 916 2138 quia

87 2152 162 2210 nibil
178 2154 215 2209 ab
229 2153 349 2210 homine
365 2154 488 2225 accepit,
500 2171 552 2226 pro
568 2170 625 2225 quo
641 2155 666 2209 ei
682 2154 914 2210 vicissitudinem

87 2243 201 2299 reddat.
216 2242 296 2299 Unde
311 2244 348 2298 ad
363 2243 418 2299 Job
433 2242 576 2315 loquitur,
587 2243 705 2298 dicens:
723 2246 776 2312 Qrii
790 2248 854 2299 ante
869 2244 914 2299 de-

87 2332 131 2387 dit
144 2333 225 2402 milti,
242 2336 272 2388 at
285 2348 333 2402 eqo
348 2332 461 2387 reddam
476 2334 503 2387 ei
512 2331 526 2386 ?
541 2333 608 2403 (tou.
626 2350 682 2401 ιιιι,
699 2334 738 2403 2.)
753 2334 826 2387 Ilinc
845 2331 915 2389 alibi

88 2420 915 2495 idemrtpostclus:Grrrtiasaloitamieetispcrtidern,etnoa

88 2526 127 2565 es
141 2510 232 2573 coms:
241 2510 291 2567 Dei
299 2511 401 2567 doniam
415 2514 464 2575 est,
475 2527 510 2566 ne
522 2512 582 2582 quis
591 2512 725 2582 glorietur
736 2512 814 2583 (pr.
829 2528 860 2575 ιι,
875 2512 914 2583 8).

91 2598 175 2655 Unde
185 2603 215 2657 et
224 2600 361 2656 continuo
372 2600 509 2656 subditur
519 2618 525 2655 :
537 2602 570 2655 ut
581 2616 641 2656 uero
652 2603 701 2671 qui
713 2618 767 2657 noa
776 2606 914 2673 operatur,

89 2688 214 2745 credenti
220 2692 312 2745 autem
323 2691 351 2745 in
360 2705 423 2745 cunr
433 2691 482 2762 qui
488 2690 623 2761 iustificat
632 2690 762 2761 impium,
770 2698 917 2762 reputatur

90 2778 160 2849 fides
169 2778 229 2850 cias
238 2778 427 2850 adiretitiam.
435 2778 465 2833 ui
478 2779 528 2851 qui
539 2797 597 2834 non
608 2784 754 2851 operatur,
763 2781 792 2835 id
804 2785 858 2849 est,
866 2780 917 2851 qui

969 1891 1049 1952 lium,
1066 1891 1117 1945 sed
1133 1890 1239 1945 Abram
1255 1890 1436 1945 vocabatur:
1464 1891 1540 1961 quod
1557 1890 1621 1945 ideo
1638 1894 1706 1961 egit,
1723 1894 1793 1965 quia

970 1978 1795 2049 nor-eratomniaaricopredestinata,fixaettmmobitta

970 2084 1152 2142 permanere.
1168 2069 1213 2134 ut,
1230 2073 1371 2138 tanquam
1387 2066 1495 2123 diceret
1518 2067 1625 2139 aliquis
1647 2070 1791 2127 lurluus:

970 2175 1022 2214 eur
1045 2156 1190 2212 Abraham
1215 2154 1468 2211 circumcisionum
1493 2156 1612 2227 accepit,
1630 2158 1654 2211 si
1680 2158 1792 2215 nullam

969 2247 1178 2302 beatitudinum
1195 2249 1369 2300 consecutus
1384 2243 1451 2299 cst?
1479 2243 1555 2300 lllico
1581 2245 1736 2303 subdidit:
1761 2249 1793 2303 Et

968 2338 1078 2405 siquam
1102 2335 1206 2401 acecpit
1230 2334 1460 2401 circumcisionis,
1480 2334 1652 2403 siqnarnlum
1674 2336 1792 2406 justitiae

969 2425 1042 2495 pilei,
1058 2439 1120 2495 qaae
1134 2431 1173 2478 cst
1189 2424 1217 2479 ia
1230 2424 1374 2494 praepatio.
1393 2424 1429 2476 lte
1449 2422 1472 2477 si
1494 2422 1626 2478 eliceret:
1652 2424 1715 2479 Non
1739 2442 1791 2496 pro

970 2512 1161 2577 beatitudins,
1170 2510 1438 2581 autjustilicatiane
1452 2511 1705 2567 utrcumcisionom
1717 2530 1796 2569 ncce-

971 2602 1023 2675 pit,
1039 2602 1089 2657 scd
1107 2618 1157 2672 pro
1173 2600 1267 2671 signo.
1284 2599 1338 2654 Ubi
1354 2600 1528 2664 notandum,
1544 2600 1613 2671 quia
1629 2601 1686 2656 duo
1702 2601 1793 2657 dicit:

971 2692 1088 2762 signnm
1100 2693 1129 2745 et
1139 2688 1372 2761 signaculum,ct
1384 2688 1518 2743 lortusds
1530 2705 1621 2743 unum
1633 2694 1720 2757 sunt3
1733 2691 1795 2756 sed,

971 2780 997 2836 si
1024 2778 1177 2851 diligenter
1200 2779 1361 2844 attendam,
1385 2794 1492 2849 magna
1515 2783 1560 2833 est
1581 2778 1730 2834 distantia.
1748 2780 1793 2835 Si-

91 2867 278 2939 deoperibus
289 2884 347 2925 non
362 2868 524 2940 praesumit,
536 2884 588 2924 noc
604 2868 666 2924 suis
677 2869 790 2925 meritis
805 2887 837 2926 se
850 2886 916 2942 grs-
972 2886 1063 2943 gnum
1079 2868 1157 2923 enirn
1173 2872 1218 2923 est
1234 2868 1312 2938 qaod
1334 2866 1425 2934 aliud,
1441 2883 1530 2938 quam
1554 2871 1609 2937 est,
1625 2867 1794 2941 signifieat:

94 2957 169 3013 tiam
185 2961 374 3013 consecutum
385 2956 486 3024 credit,
498 2961 650 3030 reputatur
660 2959 732 3014 fides
748 2958 858 3029 uJ‘usad
871 2959 919 3028 ja·
973 2957 1222 3031 quemadmodum
1237 2955 1377 3011 Dominus
1393 2955 1501 3010 induis
1521 2956 1606 3027 signa
1629 2958 1796 3029 petentibus

93 3045 221 3114 stitiam,
233 3046 310 3102 sicut
320 3049 349 3101 et
358 3046 609 3114 Abraboe.Sed,no
618 3046 673 3102 hoo
685 3047 831 3103 rideretur
841 3052 918 3121 Apo·
973 3046 1045 3101 dicit
1060 3062 1066 3101 :
1084 3048 1224 3103 (teneretis
1239 3046 1297 3100 lraec
1310 3044 1436 3100 adultera
1450 3052 1509 3111 est,·
1523 3045 1634 3113 siquem
1648 3049 1760 3117 quierit,
1771 3051 1797 3103 et

95 3133 190 3190 stolus
201 3133 340 3200 sensisse,
351 3135 428 3206 quod
442 3134 579 3189 omnibus
590 3134 661 3190 fides
672 3136 863 3207 adjustitiam
875 3153 920 3193 re·
974 3138 1085 3207 siquam
1100 3134 1282 3189 nuntiabitur
1300 3135 1336 3203 ci,
1351 3135 1408 3188 uisi
1426 3136 1536 3205 siquam
1557 3136 1635 3191 ierim
1659 3136 1797 3207 prophete

92 3225 260 3295 putaretur,
277 3221 773 3295 praemisit:credentiiucum,qai
788 3211 1077 3295 taciturnitatem.
1102 3240 1153 3290 nn,
1178 3223 1234 3292 30).
1262 3221 1315 3276 Ubi
1340 3222 1469 3277 ostendit
1496 3238 1568 3293 pene
1596 3224 1704 3293 omnia,
1733 3241 1796 3296 qua

91 3313 225 3383 impium.
241 3310 295 3365 Ubi
310 3310 485 3380 notandum,
497 3310 565 3382 quia
580 3328 638 3367 nou
653 3312 712 3367 ait:
730 3313 857 3369 credenti
873 3314 918 3369 ei:

91 3404 155 3457 Deo
171 3415 299 3471 namque
314 3399 431 3455 credere
444 3403 488 3455 est
504 3399 657 3471 promissis
674 3400 753 3457 illius
769 3402 856 3458 fidem
872 3420 920 3458 ac·

92 3489 306 3549 commodare:
335 3488 364 3543 in
389 3488 481 3543 Deum
504 3504 571 3545 vero
595 3490 711 3546 credere
734 3496 778 3547 est
802 3508 919 3549 omnem

93 3595 179 3651 spem
203 3577 234 3632 in
249 3577 313 3649 ipso
328 3575 478 3633 collocare.
498 3578 543 3643 ut,
560 3582 592 3633 ut
611 3596 696 3635 suam
722 3580 919 3638 narrationem

93 3666 258 3724 Psalmistu
274 3665 442 3722 testimonio
456 3667 652 3735 contlrmaret,
669 3668 804 3738 adjunxit
820 3688 827 3726 :
845 3670 920 3727 Sicut

94 3760 124 3813 et
138 3754 225 3811 Dauid
239 3755 307 3811 dicit
317 3754 514 3811 beatitudinem
527 3756 658 3826 laciniosis,
670 3758 716 3813 cui
727 3762 799 3814 Deus
813 3768 921 3832 accepto

97 3848 152 3914 [ert
161 3846 300 3917 justitiam
313 3845 375 3900 sine
388 3845 524 3917 operibus,
541 3844 570 3899 id
594 3850 648 3913 est,
664 3848 710 3901 cui
732 3847 809 3904 Deus
830 3850 922 3921 gratis

99 3937 129 3991 et
144 3937 247 4006 sponte
262 3932 365 3989 tribuit
379 3933 617 4004 justificationem
631 3950 638 3989 :
654 3936 741 4005 beati,
752 3952 868 4006 quoram
883 3952 923 3992 rc-

97 4026 189 4079 missae
204 4030 268 4078 sant
280 4023 450 4094 iniquitates,
465 4025 491 4076 et
510 4037 627 4093 quorum
643 4026 712 4077 tecta
723 4028 788 4079 sant
800 4029 921 4096 peccata.

100 4114 200 4169 Beatus
225 4114 278 4179 ¹uir,
303 4112 349 4166 rai
375 4128 431 4167 nora
454 4111 599 4182 irnpatauit
622 4113 753 4167 Dominus
781 4124 923 4185 peccatum

97 4202 190 4271 (Psal.
206 4218 283 4268 anns,
301 4200 326 4267 1,
342 4200 382 4269 2).
398 4198 452 4254 Ubi
469 4199 642 4267 notandum,
655 4200 725 4271 quio
739 4200 794 4255 tria
808 4201 923 4257 videtur

99 4288 258 4346 Psalmista
271 4288 385 4344 dicere:
402 4288 541 4344 remissas
555 4287 737 4360 iniquitates,
749 4295 867 4361 peccata
880 4295 923 4347 te·

100 4384 159 4444 cta,
170 4381 199 4435 et
212 4395 271 4435 non
287 4378 466 4450 imputatum
482 4380 645 4449 peccatum.
656 4376 737 4433 Unde
748 4377 866 4449 quidam
883 4379 925 4434 di·

99 4471 173 4525 cunt
186 4468 357 4539 iniquitates
373 4466 482 4522 remitti
498 4482 549 4537 per
563 4466 776 4538 penitentiam,
794 4484 850 4523 uon
867 4469 924 4524 im-

975 3313 1052 3370 circa
1065 3316 1170 3367 donam
1189 3315 1273 3383 gesta
1296 3314 1376 3379 sunt,
1393 3311 1428 3366 ud
1454 3327 1485 3367 se
1510 3312 1663 3382 pertinere.
1681 3314 1753 3368 ltine
1769 3318 1799 3370 et

975 3402 1093 3457 Simeon
1108 3402 1144 3456 do
1158 3400 1282 3456 Domino
1301 3399 1393 3455 dicit:
1420 3404 1489 3457 Ecce
1510 3403 1615 3472 positus
1637 3411 1677 3459 cst
1700 3403 1745 3458 laic
1767 3405 1798 3459 in

974 3493 1086 3548 ruinam
1109 3499 1134 3545 et
1161 3492 1189 3545 in
1213 3491 1322 3560 siquam
1346 3491 1421 3562 (buc.
1439 3508 1469 3556 ιι,
1485 3492 1540 3561 31).
1557 3490 1648 3548 Filius
1669 3510 1796 3566 namque

975 3580 1024 3636 Dei
1042 3582 1117 3635 recte
1132 3578 1249 3651 signum
1266 3578 1363 3633 dictus
1377 3582 1441 3647 est;
1459 3578 1529 3650 qaia
1543 3578 1623 3635 aliud
1633 3581 1797 3651 videbatur,

974 3670 1004 3725 id
1020 3672 1073 3733 est,
1087 3668 1186 3739 lromu,
1197 3672 1226 3723 et
1240 3668 1318 3723 aliud
1335 3667 1517 3739 credebatur,
1529 3669 1557 3723 id
1573 3674 1617 3725 est
1633 3675 1717 3727 Deus.
1729 3675 1797 3727 Car·

976 3758 1052 3814 nelis
1076 3758 1174 3828 itaque
1197 3756 1379 3813 circumcisio
1400 3762 1478 3813 recte
1503 3758 1621 3829 signum
1647 3759 1724 3816 dicta
1743 3763 1801 3829 est,

977 3846 1046 3919 quia
1058 3844 1221 3917 spiritalem
1233 3845 1415 3915 significabat
1425 3845 1680 3903 circumcisionem
1692 3866 1756 3920 quas
1768 3850 1802 3905 llt

977 3933 1162 4008 pergratiam
1179 3939 1208 3986 et
1223 3932 1310 3987 tidem
1322 3932 1440 3986 Christi.
1454 3931 1553 4003 lpsum
1566 3934 1673 4006 quippe
1684 3952 1802 4005 regeno-

978 4021 1099 4079 raticnis
1115 4024 1272 4085 auctorem,
1287 4019 1441 4073 Dorninum
1460 4019 1593 4074 videlicet
1606 4022 1707 4076 lesum
1717 4022 1802 4077 Chri·

978 4115 1056 4165 stum
1073 4106 1267 4180 signiticabat,
1284 4122 1336 4177 per
1350 4106 1434 4176 cirjrrs
1454 4107 1579 4179 gratiam
1600 4109 1688 4164 eorda
1712 4126 1803 4166 ιιιιιιι-

977 4197 1254 4268 dantar,enpiantur
1264 4195 1457 4251 conscientias.
1465 4195 1655 4269 signaculum
1667 4215 1733 4254 veru
1745 4204 1802 4271 est,

978 4288 1056 4362 quod
1071 4286 1156 4342 alicui
1173 4285 1320 4341 servandae
1344 4285 1384 4339 rei
1409 4302 1461 4357 pro
1477 4288 1606 4358 tempore
1622 4288 1751 4361 ponitur,
1767 4294 1802 4345 ut

979 4396 1036 4434 non
1053 4379 1089 4433 ab
1105 4376 1162 4431 alio
1177 4374 1306 4431 solvatur
1324 4392 1412 4448 quam
1433 4376 1469 4430 ab
1492 4393 1525 4432 ea
1550 4377 1600 4450 qui
1625 4379 1733 4450 posuit.
1751 4379 1803 4437 Illa

979 4484 1047 4540 ergo
1064 4465 1247 4521 circumcisio
1263 4468 1341 4520 recte
1357 4464 1543 4538 signaculum
1560 4465 1638 4522 dicta
1663 4472 1717 4535 est,
1735 4468 1805 4540 quia

99 4555 240 4631 putariin
252 4555 402 4628 martyrio.
416 4556 472 4611 Sed
484 4556 656 4620 notandum,
668 4556 803 4627 quianon
821 4559 879 4614 ait:
895 4559 925 4614 in
941 4575 964 4640 Ι)
980 4574 1032 4630 pro
1048 4554 1199 4627 signaculo
1225 4554 1294 4609 data
1318 4557 1362 4609 est
1376 4553 1496 4619 iudeis,
1513 4557 1545 4607 ut
1569 4571 1626 4610 nou
1650 4556 1687 4611 ab
1713 4556 1804 4614 altero

100 4646 210 4719 quibus
227 4662 284 4702 non
301 4644 491 4700 inveniuntur
505 4649 632 4717 peccata,
649 4646 711 4715 sed,
725 4662 841 4718 quorum
857 4651 927 4705 tecla
980 4646 1141 4703 solveretur
1154 4643 1198 4700 vel
1213 4644 1377 4699 auferretur
1391 4659 1479 4713 quam
1502 4644 1537 4697 ab
1561 4660 1594 4700 eo
1619 4646 1668 4716 qui
1694 4646 1802 4717 posuit.

98 4743 174 4794 strat.
187 4735 270 4791 Unde
282 4735 385 4790 beatus
396 4733 570 4806 Gregorius:
587 4734 646 4789 Nos
661 4735 713 4803 rei,
725 4752 814 4808 quam
830 4741 925 4809 tegere
978 4734 1060 4789 Unde
1075 4733 1152 4788 idem
1168 4730 1324 4803 Apostolus
1341 4730 1413 4785 dicit
1428 4748 1435 4786 ι
1461 4732 1494 4785 ‚n
1509 4732 1558 4787 ariri
1571 4734 1646 4788 <sarrit
1659 4734 1804 4805 plenitudo

99 4825 250 4891 volumus,
263 4823 372 4895 aliquid
385 4824 665 4896 superimponimus,
675 4842 711 4880 ne
720 4826 868 4897 ridentum
883 4828 925 4883 sic
978 4822 1290 4895 irreprebensibilem
1303 4821 1495 4875 l'iliarnsuurn
1508 4823 1612 4889 [acirim
1626 4839 1661 4879 ca
1676 4825 1803 4895 ruutiere,

97 4919 128 4971 et
148 4912 411 4986 peccatisnostris,
428 4928 486 4967 non
511 4912 607 4968 solum
633 4914 857 4983 consessionem,
874 4915 924 4971 sed
978 4917 1083 4985 [actum
1106 4910 1155 4965 sab
1179 4910 1245 4979 teqe,
1262 4911 1291 4963 at
1310 4926 1356 4964 cos
1369 4912 1418 4980 qai
1431 4910 1480 4964 sub
1497 4912 1553 4982 lcqe
1566 4922 1644 4968 eraut
1658 4912 1807 4969 redimeret

98 5002 189 5059 etiam
204 5002 282 5058 bona
297 5016 384 5073 opera
399 5003 641 5071 superponentes,
653 5000 790 5073 tegimus,
803 5004 835 5056 ut
847 5002 925 5057 Deus
979 5002 1050 5073 (Grai.
1063 5018 1102 5067 ιν,
1116 5000 1159 5069 l):
1177 4999 1247 5071 quia
1261 5016 1318 5053 non
1334 4998 1416 5069 prius
1431 5000 1480 5055 fiet
1492 5017 1581 5072 quam
1597 5001 1669 5056 illud
1683 4997 1804 5070 implea-

99 5108 158 5148 ιιοιι
175 5091 400 5157 animadvertat,
416 5088 443 5143 id
459 5092 513 5152 est,
529 5088 640 5159 puniat.
657 5088 736 5143 Unde
753 5088 827 5144 idum
845 5090 925 5146 Psal·
979 5096 1027 5146 tur
1041 5090 1119 5160 quod
1136 5088 1203 5143 alibi
1227 5088 1267 5143 ait
1284 5104 1290 5143 :
1318 5094 1408 5144 Dorice
1421 5090 1563 5160 plenitudo
1577 5092 1700 5159 peritiam
1716 5090 1805 5142 iatro-

101 5179 210 5235 mista:
235 5180 330 5235 alere
344 5179 444 5249 sociem
459 5180 537 5231 tuam
551 5194 568 5231 a
581 5180 698 5248 pcccatis
714 5179 783 5232 risen
796 5180 882 5249 (Psoi.
898 5196 924 5249 ι,
979 5182 1041 5250 iret,
1057 5186 1082 5235 ct
1106 5180 1146 5234 sic
1170 5181 1259 5235 crariis
1281 5181 1368 5236 lsrael
1389 5181 1485 5236 satous
1504 5182 1580 5252 ficret
1594 5182 1682 5249 (ttoni.
1699 5194 1730 5245 ιι,
1746 5178 1804 5250 25).

101 5269 156 5343 11).
173 5268 232 5325 Nos
246 5268 336 5341 igitur
350 5267 553 5324 incunctanter
568 5267 684 5323 credero
699 5266 840 5324 debemus
864 5267 925 5324 haec
979 5270 1065 5325 ilecto
1081 5268 1267 5341 signaculum
1283 5268 1400 5325 dicitur.
1417 5270 1475 5327 Cur
1499 5274 1596 5325 autem
1618 5266 1804 5339 signaculum

133 5521 212 5606 tlt-t)
226 5520 312 5593 vulg.
337 5522 368 5576 ln
392 5518 599 5576 circumcisione
625 5522 735 5573 tantam
762 5528 864 5591 manet,
888 5538 926 5577 aa
1015 5518 1089 5591 (ltu)
1102 5517 1198 5576 Verba
1217 5536 1278 5575 euna
1299 5525 1367 5574 esset
1390 5516 1420 5571 in
1433 5512 1519 5587 Vulg.
1535 5511 1659 5575 lectione
1675 5533 1733 5575 non
1748 5516 1801 5577 ha·

102 5596 214 5744 mll'lb)
227 5664 331 5739 Autog.
342 5663 404 5721 loco
418 5663 489 5721 corti
501 5676 595 5719 sumus
609 5660 698 5719 habet
710 5663 888 5722 certissimus.
978 5591 1096 5647 buntur·
