3908 6096
121 335 181 399 sse
835 328 928 390 vim
950 325 1120 388 aurunt.
1660 283 1664 291 ⁴
1770 328 1830 392 aaa

122 466 322 527 ecclesiastiea
331 465 402 537 jura
418 463 553 537 legitima
568 461 761 521 districtionis
776 461 950 535 disponebat
963 460 992 527 Α
1006 479 1074 519 nem
1089 462 1208 531 directa,
1224 463 1296 520 satis
1318 460 1485 521 luculentur
1498 460 1612 534 digesta
1627 460 1785 535 (1970·71);
1800 462 1831 519 1η

123 575 259 623 censura,
276 555 454 629 posthabitis
477 553 594 610 illorum
611 553 753 621 consiliis,
764 553 816 624 qui
832 557 953 608 eatenus
1008 569 1148 624 quaeum
1173 558 1329 625 patronum
1346 569 1433 608 suum
1455 552 1622 618 nominans,
1636 567 1704 607 eum
1724 551 1833 608 inesti-

123 647 154 703 in
170 647 281 703 talibus
296 644 420 717 negotiis
436 660 493 699 non
504 660 539 699 aa
553 660 616 715 que
627 649 698 698 suut
708 641 826 706 Christi,
836 642 886 697 sed
900 656 954 697 sua
1008 642 1110 698 mabili
1124 642 1285 715 gratiarum
1298 642 1409 698 actione
1423 644 1609 713 protestatur,
1621 657 1652 696 se
1666 640 1767 696 divina
1780 640 1836 696 cle·

83 804 86 811 ¹
124 736 295 808 querebant
305 733 469 789 commoda.
481 737 549 789 Erat
559 733 637 788 enim
649 732 691 787 vir
703 731 791 800 idem,
805 730 871 786 licet
881 729 954 785 alias
1008 732 1118 787 mentia
1143 736 1291 803 preeunte
1305 737 1333 788 et
1348 732 1545 802 subsequente
1559 730 1665 801 atejus
1689 729 1836 801 spirituali

121 825 282 881 admodum
312 823 432 897 probus,
452 827 483 877 ut
498 838 529 876 se
543 821 632 878 habet
646 837 762 876 morum
787 818 953 885 diversitas,
1008 821 1163 892 prudentia
1179 821 1326 876 mediante
1341 822 1370 876 in
1393 820 1488 875 virum
1504 819 1628 876 alterum
1644 818 1836 875 transforme-

120 913 243 985 spiritus
259 911 499 980 vehementioris,
512 911 599 983 paulo
615 911 779 967 severiorin
793 908 953 981 responsis,

121 1001 182 1057 nelo
194 1000 318 1072 justitiae
334 1004 363 1056 et
377 1000 534 1072 aequitatis.
547 999 603 1055 Sed
620 1000 700 1072 quia,
716 1004 749 1054 ut
764 1000 885 1070 quidam
901 997 952 1067 ait,

119 1091 221 1146 veritos
230 1088 325 1145 odium
332 1087 598 1160 perit,bujusnrodi
607 1089 714 1144 studiis
723 1105 779 1143 non
789 1086 884 1143 solum
898 1084 953 1141 cla·

117 1178 257 1246 cicorum,
268 1178 318 1234 sed
332 1177 419 1233 atium
431 1178 539 1233 civium
552 1178 583 1233 in
593 1194 625 1234 se
634 1173 953 1240 odiaconcitavit.Quo'

118 1284 185 1323 rum
202 1267 336 1339 quidam,
353 1266 499 1338 episcopis
517 1267 645 1323 Ruberto
660 1267 802 1322 Treviren
819 1262 953 1332 si,etBel.

119 1356 217 1411 derico
233 1355 403 1411 Laodicensi
426 1356 681 1428 consanguinitate
697 1354 832 1427 proximi,
844 1355 953 1435 demna

119 1448 250 1517 questus
270 1443 315 1499 sui
336 1449 561 1516 conquerentes,
573 1462 624 1517 per
638 1444 806 1502 violentiam
822 1442 951 1515 episcop¹

1007 917 1082 976 tum,
1099 915 1128 966 et
1141 910 1327 966 renovatione
1341 909 1449 966 mentis
1471 915 1499 965 et
1521 908 1642 979 spiritus
1656 907 1687 963 in
1702 905 1834 964 melioris

1008 1005 1103 1056 status
1131 999 1290 1055 efficaciam
1315 1003 1539 1068 commutatum,
1565 1011 1746 1069 suorumque
1770 1013 1833 1052 om·

1008 1089 1091 1144 nium
1121 1089 1262 1144 amorem
1279 1089 1308 1143 in
1330 1088 1490 1160 profectum
1513 1093 1542 1143 et
1564 1089 1757 1159 augmentum
1786 1084 1833 1142 sui

1007 1178 1127 1234 honoris
1142 1177 1377 1250 conglutinatum
1388 1178 1430 1233 ⁵⁴⁸.

1175 1322 1224 1376 llic
1238 1320 1362 1391 qrraedom
1375 1319 1510 1375 excidisse
1526 1318 1661 1374 uidentur.

1045 1448 1115 1502 l’irio
1129 1447 1240 1503 obbatis
1259 1446 1438 1502 Wolteronis.
1453 1443 1526 1499 Nam
1547 1459 1608 1511 cur,
1625 1458 1724 1515 quare,
1741 1457 1831 1513 quam

118 1533 339 1590 concitaverunt
353 1548 402 1588 eos
415 1532 445 1587 in
455 1532 523 1589 odia
537 1538 566 1589 et
581 1532 753 1590 inimicitias
767 1532 877 1587 domini
894 1530 951 1587 sui’
1006 1536 1042 1591 ob
1058 1552 1129 1602 rem,
1142 1535 1215 1591 tanti
1226 1534 1279 1589 viri
1290 1533 1472 1606 gratulemur
1486 1531 1656 1605 patrocinio,
1667 1531 1727 1587 beo
1742 1546 1833 1587 eausa

116 1621 202 1678 illum
213 1625 406 1694 protestantes
417 1622 623 1694 phreneticum
635 1626 662 1678 et
675 1621 829 1690 indignum
843 1620 951 1676 honore
1006 1628 1060 1679 est.
1077 1626 1221 1696 Tempora
1242 1623 1348 1695 prioris
1370 1621 1523 1688 mederici,
1539 1619 1720 1677 coloniensis
1735 1618 1830 1674 archi·

117 1718 146 1768 et
157 1710 485 1783 nomineepiscopi.llis
496 1710 631 1768 convitiis
643 1709 750 1783 presul
760 1709 838 1766 idem
847 1708 951 1764 Ratbe·
1005 1713 1134 1785 episcopi
1148 1712 1251 1784 (1972),
1266 1712 1351 1768 nobis
1366 1711 1460 1766 invisa
1470 1715 1499 1766 et
1513 1710 1619 1766 infesta
1634 1710 1766 1776 luerunt;
1778 1707 1830 1780 qui

118 1817 170 1857 rus
184 1800 482 1866 modicemotus,non
495 1802 530 1856 ad
542 1798 987 1902 enterioraconlugitadJuto-B
1005 1804 1135 1874 ejusdem
1160 1819 1249 1858 sacre
1279 1798 1512 1873 congregationis
1535 1797 1678 1854 violentus
1702 1798 1829 1865 invasor,

118 1891 171 1958 ria,
187 1891 239 1945 sed
254 1889 291 1945 sd
311 1889 453 1946 librorum
477 1906 635 1945 conversus
652 1888 791 1955 armaria,
808 1889 948 1945 adversus
1004 1891 1106 1948 multis
1127 1892 1215 1948 etiam
1239 1891 1369 1963 gravavit
1391 1888 1531 1946 adversis.
1547 1888 1726 1959 Quandoque
1750 1886 1830 1942 enim

118 1977 285 2035 Buldrieum
296 1982 325 2033 et
334 1979 496 2034 liebertum
508 1979 662 2051 episcopos
678 1995 800 2034 exorsus
815 1984 860 2035 est
875 1979 947 2035 scri·
1003 1986 1118 2038 mortuo
1133 1981 1266 2052 ejusdem
1286 1979 1341 2036 loci
1365 1979 1481 2046 abbate,
1497 1977 1620 2034 liberem
1644 1976 1687 2032 eis
1709 1975 1828 2032 electio·

117 2068 225 2142 ptitare
242 2068 377 2140 quedam
393 2066 546 2124 invectiva.
561 2068 643 2124 Unde
666 2068 798 2140 contigit,
810 2074 842 2123 ut
856 2086 948 2123 emu-
1003 2088 1070 2127 nem
1083 2070 1257 2141 infringens,
1273 2086 1332 2140 qua
1346 2086 1380 2124 ex
1402 2067 1550 2124 Benedicti
1565 2065 1716 2138 apostolici
1730 2062 1830 2121 indul·

118 2156 215 2213 lorum
227 2171 348 2211 suorum
365 2157 571 2213 exardescente
587 2157 708 2223 invidis,
720 2158 755 2213 de
770 2158 838 2213 sede
853 2157 948 2229 ponti·

119 2244 196 2300 sscali
212 2243 404 2316 expelleretur
416 2261 477 2311 ‚non
499 2246 611 2317 absque
627 2245 811 2302 contumelia.
828 2247 882 2314 Qui
898 2263 949 2302 ex·
1003 2249 1046 2306 eis
1061 2249 1180 2305 intrusit
1194 2250 1337 2321 ignotum,
1349 2247 1397 2302 cui
1421 2247 1459 2303 ad
1484 2245 1679 2301 obediendum
1701 2242 1829 2314 iurisJu·

121 2334 225 2405 pulsus
235 2334 272 2388 ad
283 2333 401 2405 gloriosi
413 2334 490 2406 regis
500 2334 615 2390 Ottonis
625 2335 764 2407 suffragia
774 2336 948 2391 secontulit.
1004 2338 1087 2394 randi
1103 2342 1285 2393 sacramento
1301 2334 1452 2407 compulit,
1466 2335 1623 2390 renitentes
1638 2332 1831 2388 inclementer

121 2423 190 2494 lpso
206 2437 272 2493 rege
288 2421 404 2493 pietatis
425 2423 532 2478 intuitu
553 2428 677 2480 conante
696 2422 838 2491 auxiliari,
849 2441 950 2481 verum
1005 2427 1108 2483 aillixit
1118 2431 1146 2482 et
1160 2426 1314 2491 exsiliavit,
1324 2425 1378 2481 etsi
1391 2441 1448 2480 nou
1462 2423 1536 2496 ipse,
1547 2429 1645 2478 tamen
1657 2437 1708 2495 per
1723 2438 1830 2478 manue

125 2509 300 2566 adversariis
314 2510 428 2566 sortiter
449 2511 671 2582 obsistentibus,
687 2530 753 2568 cum
771 2513 851 2568 nulla
866 2514 950 2570 resti·
1005 2517 1192 2573 dominorum
1204 2513 1378 2570 crudelium.
1390 2513 1463 2569 Nam
1474 2513 1607 2568 intrusus
1617 2511 1709 2567 abbas
1722 2510 1831 2582 pleros·

1003 2159 1101 2234 gentia
1114 2158 1186 2215 illud
1198 2160 1331 2230 adusque
1342 2162 1459 2229 tempus
1469 2156 1681 2229 gloriabantur,
1692 2154 1830 2211 abbatem

124 2599 248 2655 tutionis
262 2600 327 2670 ejus
341 2600 425 2665 copia
438 2601 640 2672 processisset,
655 2602 725 2658 utile
739 2603 834 2658 visum
851 2608 907 2670 est,
919 2609 952 2660 ut
1005 2621 1062 2677 que
1077 2621 1136 2660 suae
1147 2603 1383 2677 congregationis
1394 2604 1498 2658 tratres
1508 2617 1608 2658 secum
1619 2600 1761 2656 adductos
1771 2598 1833 2654 sin·

124 2688 159 2743 ad
176 2688 386 2756 benignitatem
397 2689 523 2759 piissimi
534 2690 686 2761 senatique
697 2691 842 2748 Brunonis
852 2693 950 2748 arabi·
1005 2693 1082 2767 gulis
1099 2692 1274 2749 obedientiis
1284 2692 1420 2764 praefecit,
1433 2692 1593 2745 claustrum
1605 2689 1649 2745 eie
1664 2705 1750 2746 omna
1765 2688 1833 2744 sub

125 2777 254 2848 episcopi
270 2776 446 2833 ordinatoris
458 2778 504 2832 sui
520 2779 690 2850 conl'ugium
706 2780 824 2837 lacerat.
836 2782 890 2845 Oui
906 2799 951 2837 ve
1001 2781 1082 2853 jecit.
1092 2785 1216 2852 Eratque
1227 2795 1345 2837 necesse
1356 2780 1412 2836 sub
1423 2780 1478 2835 hac
1492 2776 1832 2836 dissidentiascctesiam

124 2864 952 2942 niens,benignesusceptusetconsuetudinariobenigni·
1006 2868 1172 2942 periclitari.
1181 2869 1290 2925 Videns
1300 2883 1369 2940 ergo
1379 2868 1522 2924 Dominus
1533 2865 1632 2938 populi
1643 2865 1689 2920 sui
1699 2865 1832 2921 afflictio·

126 2954 195 3009 tatis
210 2955 274 3025 ejus
290 2969 370 3010 more
385 2955 544 3011 honorifice
558 2956 688 3024 babitus,
703 2975 760 3013 non
776 2958 870 3015 multo
886 2964 952 3031 post
1006 2975 1084 3028 nem,
1099 2958 1245 3013 medianto
1259 2957 1405 3013 brunonis
1421 2956 1536 3024 merito,
1551 2954 1657 3011 erroris
1671 2953 1762 3026 hujus
1778 2971 1830 3010 eu·

125 3041 271 3098 cathedre
283 3060 341 3099 sue
351 3043 542 3101 decenterest
558 3045 724 3102 restitutus.
736 3047 768 3103 ln
783 3048 856 3103 tanti
872 3049 951 3104 enim
1006 3055 1114 3104 ctorem
1126 3047 1295 3119 episcopum
1313 3045 1497 3102 fredericum
1512 3045 1572 3100 vita
1587 3041 1711 3101 absolvit
1726 3042 1831 3113 (1973),

124 3131 177 3186 viri
190 3131 302 3202 judicio
318 3133 435 3188 evanuit
444 3134 576 3189 omnium
593 3135 778 3192 inimicorum
791 3138 855 3204 ejus
864 3138 953 3194 obsti·
1007 3141 1040 3193 ut
1054 3153 1085 3193 se
1096 3154 1154 3192 nen
1170 3137 1272 3192 deesse
1283 3136 1345 3192 suis
1356 3138 1543 3201 monstraret,
1554 3136 1582 3189 et
1595 3133 1729 3189 intrusus
1739 3132 1831 3189 abbae

123 3226 193 3276 nata
208 3220 382 3292 conjuratio,
392 3227 422 3278 et
435 3223 465 3277 in
480 3223 546 3293 eius
560 3224 739 3280 defensionis
749 3227 893 3283 constanti
909 3232 950 3282 te·
966 3203 987 3270 G
1005 3226 1309 3296 intenderetcumque
1320 3224 1382 3280 suis
1392 3223 1534 3295 subjectis
1547 3221 1650 3278 mitius
1665 3225 1772 3294 ageret.
1784 3222 1832 3276 ln-

123 3309 262 3365 stimonio
273 3311 423 3367 obmutuit
432 3328 508 3367 onus
516 3313 747 3369 adversariorum
760 3316 952 3388 prescriptio-

123 3414 205 3454 num.
218 3398 423 3470 Proponebent
432 3399 509 3454 enim
521 3400 566 3454 vir
577 3400 667 3457 totius
680 3402 866 3474 providentie
876 3404 951 3460 ordi·

124 3504 190 3543 nem
206 3486 286 3543 illius
302 3487 447 3543 canonicae
462 3487 612 3544 electionis
627 3495 655 3545 et
669 3490 872 3548 ecclesiastieae
886 3510 952 3550 con·

123 3574 306 3641 secretionis,
327 3591 380 3631 nec
403 3574 508 3631 debera
530 3580 643 3632 tantam
663 3578 813 3648 justitiam
836 3582 950 3639 irritam

124 3663 186 3719 llari
207 3663 405 3736 qualicunque
430 3665 614 3721 accusatione
643 3666 801 3725 testimonii
827 3669 949 3741 laicalis,

123 3752 181 3807 imo
196 3768 299 3807 omnes
326 3752 459 3808 factionis
474 3752 563 3825 hujus
578 3755 729 3813 ministros
753 3760 879 3831 graviter
893 3761 950 3816 lor·

123 3840 235 3895 midare
255 3856 342 3910 posse
365 3841 505 3897 eliensem
530 3842 695 3914 apostolica
720 3847 950 3905 animadversio·

122 3928 179 3983 nis.
207 3926 300 3999 lgitur
324 3928 470 3984 dulcitius
494 3929 636 3987 lacundiee
660 3949 720 3989 sue
744 3936 875 3992 antidoto
900 3938 950 3992 ed·

121 4015 318 4072 versariorum
345 4016 454 4073 animis
483 4019 634 4092 mitigatis,
659 4023 701 4077 sic
729 4024 882 4081 ordinante
906 4026 950 4082 di·

1004 3320 1085 3372 terea
1098 3319 1271 3371 revocantur
1285 3312 1412 3380 exsules,
1427 3312 1584 3383 ejiciuntur
1598 3314 1628 3366 et
1642 3309 1833 3366 remittuntur

1005 3403 1162 3460 adulterini
1176 3403 1327 3459 ollioiales.
1339 3401 1406 3459 Solo
1416 3401 1514 3457 abbati
1526 3416 1644 3456 manere
1653 3398 1832 3469 conceditur,

1006 3493 1166 3549 reverentia
1180 3491 1206 3548 ei
1217 3493 1306 3565 digua
1316 3491 1483 3558 exhibetur;
1497 3488 1578 3546 nullo
1592 3487 1761 3562 gravamine
1773 3486 1833 3543 val·

1005 3581 1110 3638 licetur
1119 3581 1167 3649 111;
1180 3580 1230 3637 Dei
1246 3597 1335 3655 super
1347 3581 1401 3637 hoe
1413 3583 1576 3636 metuentes
1587 3577 1733 3649 judicium
1744 3593 1835 3633 secu-

1005 3671 1086 3744 lique
1100 3671 1264 3727 infamiam.¹
1275 3671 1342 3727 lam
1356 3674 1454 3742 optato
1468 3684 1557 3724 cursu
1569 3666 1707 3737 jubileus
1722 3666 1834 3735 aderat,

1006 3777 1108 3817 serena
1123 3776 1154 3816 se
1168 3764 1301 3832 tempora
1311 3757 1521 3824 secundabunt,
1534 3757 1604 3812 dum
1615 3760 1644 3811 et
1654 3754 1776 3826 captivis
1792 3754 1834 3808 io-

1005 3849 1088 3905 dolta
1103 3848 1234 3913 libertas,
1245 3853 1274 3903 et
1285 3845 1462 3918 jamdudum
1474 3843 1603 3901 defuncti
1619 3843 1754 3916 praesulis
1765 3843 1832 3898 Fre·

1005 3936 1095 3992 dorici
1111 3937 1211 3991 datum
1227 3940 1272 3991 est
1295 3932 1447 3990 innotesci.
1459 3932 1532 3988 Nam
1556 3932 1688 4002 eJusdem
1704 3928 1831 3986 ecclesie

1005 4029 1104 4083 eustos
1120 4029 1204 4081 nocte
1220 4024 1347 4097 quadam
1363 4027 1430 4095 post
1446 4021 1616 4089 matutinos,
1630 4018 1770 4076 tratribus
1785 4035 1833 4074 cu·

121 4106 192 4161 vine
204 4105 360 4162 clementis
374 4106 530 4178 disposuit,
546 4114 579 4164 ut
593 4111 732 4169 omnibus
754 4114 951 4172 indissolubili
1005 4116 1100 4173 bitum
1116 4113 1267 4187 regressis,
1279 4117 1311 4168 ut
1325 4111 1468 4168 familiare
1477 4116 1523 4168 est
1532 4109 1715 4178 custodibus,
1727 4106 1832 4165 altaria

122 4194 279 4251 concordia
302 4195 473 4267 pacificatis,
490 4197 526 4252 ab
541 4198 652 4256 eisdem
673 4218 740 4257 cum
763 4204 842 4259 omni
859 4203 950 4261 bono·
1004 4205 1160 4272 lustrabat,
1176 4203 1335 4259 luminaria
1353 4202 1517 4275 reparabat,
1533 4204 1680 4272 postremo
1695 4198 1830 4253 tumbam

124 4282 266 4340 rificentia
287 4282 318 4338 in
344 4285 443 4341 sedem
469 4302 554 4343 suam
578 4289 765 4348 reduceretur
783 4292 950 4367 episcopus,
1005 4295 1101 4352 sancti
1117 4292 1263 4349 Brunonis
1277 4292 1400 4349 visitans
1421 4294 1537 4347 oratum
1552 4305 1583 4345 se
1597 4287 1747 4360 deposuit;
1763 4302 1831 4343 eum

124 4372 263 4444 aquibus
286 4377 372 4429 antee
395 4374 488 4430 luerat
512 4392 579 4432 cum
604 4377 749 4436 indecenti
774 4382 952 4439 contumelia
1005 4388 1122 4456 repente
1137 4380 1276 4453 collapsis
1286 4380 1378 4437 oculis
1389 4379 1450 4436 bac
1463 4379 1492 4434 in
1503 4378 1607 4453 spiritu
1617 4375 1700 4433 vidit.
1711 4375 1791 4432 Vidit
1802 4379 1833 4433 et
1865 4385 1869 4393 '

123 4459 293 4534 propulsos,
310 4467 340 4517 et
359 4465 540 4523 emendatior
563 4467 645 4524 lleret
669 4469 806 4527 omnibus
829 4472 880 4528 evi
904 4472 949 4529 sui
1004 4488 1071 4529 ecee
1081 4471 1256 4544 sepedictus
1267 4469 1423 4543 episcopus
1433 4467 1603 4524 Frederieus
1618 4464 1735 4538 lugubri
1746 4469 1832 4537 gestu

123 4550 239 4607 dl0buss·
967 4567 1070 4639 [perat
1085 4562 1224 4618 incedens
1247 4567 1276 4616 et
1299 4559 1410 4616 crebris
1434 4555 1613 4630 singultibus
1636 4569 1736 4610 secum
1760 4551 1834 4609 dure

160 4641 203 4694 15.
219 4639 347 4711 Epistola
361 4644 479 4714 episcopi
492 4644 607 4701 flotberi
624 4646 659 4701 od
673 4648 839 4706 anonem.
851 4651 952 4707 Exstat
1006 4653 1054 4726 agi
1064 4653 1228 4708 insinuans.
1240 4652 1331 4716 Quem
1342 4648 1419 4704 idem
1432 4651 1542 4713 eustos,
1555 4648 1588 4700 ut
1597 4647 1669 4711 erat,
1680 4644 1710 4698 in
1724 4642 1830 4714 spiritu

122 4728 210 4784 etiam
225 4727 351 4800 epistola
373 4730 467 4802 ipsius
482 4733 611 4806 episcopi
626 4735 662 4790 ad
678 4741 813 4793 sanctum
839 4739 952 4796 bruno·
1006 4742 1162 4810 allocutus,
1179 4755 1298 4796 causam
1320 4737 1452 4794 moeroris
1466 4733 1600 4808 inquirit,
1615 4733 1687 4789 dum
1703 4748 1756 4805 pro
1768 4731 1833 4806 ipso

795 4866 917 4923 VARlAE
939 4867 1148 4926 suestanus

158 4973 192 5007 ⁸⁴⁷
207 4990 306 5058 amore
320 4974 378 5031 cod.
417 4975 450 5059 “l
466 4975 593 5061 Pestlseec
607 4995 777 5051 quamquam
799 4985 828 5038 in
854 4983 944 5040 codice
956 4984 1067 5040 nullam
1081 4986 1188 5041 lacunae
1202 4987 1348 5054 uestigium
1374 4988 1476 5054 certet,
1499 4985 1567 5041 solis
1592 4988 1684 5040 tomen
1706 4983 1830 5053 apparel»

120 5045 206 5115 pam
223 5047 308 5120 buius
331 5055 509 5104 nonolwms
532 5050 713 5113 intendisse.
728 5056 922 5128 sequentiaque
943 5055 987 5112 nil
1010 5072 1068 5114 ease
1091 5059 1149 5113 nisi
1169 5073 1321 5113 sennonem
1349 5055 1487 5128 quotidem
1501 5051 1831 5121 resuscitassemus

120 5124 271 5185 carentem,
287 5120 398 5175 auctore
411 5119 529 5192 quedem
543 5121 678 5178 mortecto
694 5121 722 5178 S.
738 5126 929 5192 pantaleonis,
946 5128 994 5199 qui
1006 5133 1125 5200 tortasse
1145 5131 1212 5185 vitea
1231 5129 1314 5199 finem
1329 5127 1414 5185 dedit.
1429 5132 1463 5185 ln
1475 5125 1639 5196 exemplari,
1655 5122 1727 5178 unde
1741 5129 1832 5178 resur

120 5189 391 5318 ltaetsigllimfluzrzm
413 5191 497 5249 dubio
519 5193 623 5265 aliquot
635 5195 705 5264 solio
718 5196 887 5268 ceciderant,
903 5199 973 5271 quod
993 5201 1084 5256 scrita
1108 5214 1162 5256 non
1184 5202 1307 5257 sentiens
1331 5200 1389 5256 brec
1412 5201 1452 5256 ite
1474 5195 1644 5267 consempsit.
1662 5193 1830 5250 ltsrsuarnv.

919 5368 1034 5427 NOTAE.

158 5472 302 5558 (1979-71)
318 5473 431 5532 diversa
446 5476 485 5533 ab
508 5492 542 5534 ea
563 5494 652 5550 quem
675 5478 706 5536 in
730 5480 803 5554 Opp.
820 5481 949 5540 Ratberii
1005 5485 1101 5542 medio
1123 5486 1209 5544 sedit.
1224 5486 1283 5545 Nee
1307 5484 1379 5540 liber
1401 5470 1618 5555 ipse'medium
1642 5478 1741 5538 saculi
1755 5479 1830 5538 xltt.
1885 5556 1890 5563 Φ

122 5561 152 5618 P·
169 5544 233 5611 5²92
248 5543 385 5619 bitum·
547 5620 553 5635 ,
610 5622 617 5634 ,
1003 5575 1039 5614 eu
1061 5559 1284 5626 erarevidetur;
1300 5572 1326 5612 v.
1343 5570 1471 5626 suprac.
1487 5554 1645 5611 121η11ηο.

159 5616 251 5690 (1972)
274 5634 300 5676 a.
330 5618 399 5675 1999
427 5635 492 5693 sqq.
509 5621 672 5682 Frrderrous
697 5624 732 5683 ll.
758 5625 864 5685 seculo
887 5626 947 5686 lill.
1039 5575 1130 5705 (1973)
1145 5633 1178 5689 Α.
1197 5630 1275 5688 1131.
