3908 6096
91 305 130 368 93
504 308 555 370 DD
579 305 788 370 saussaius
812 305 1136 372 tactustasvtffle
1153 340 1192 352 —·
1206 305 1306 368 PARS
1328 303 1381 368 ΙΙΙ.
1751 305 1791 366 94

92 437 195 508 biario,
210 455 380 515 quanquam
405 442 443 500 sit
467 443 636 501 constantie
650 445 752 502 adesse
768 443 910 517 equitati.
925 442 953 512 A
968 438 1791 516 rumpotentiagratiosiusconliduntNamsempermen·

91 529 123 586 lu
139 546 227 587 causa
240 537 340 589 autem
360 534 409 592 Dei
433 534 481 591 ubi
507 551 662 592 commune
678 535 842 610 periculum
857 540 911 603 est,
967 534 1053 590 duces
1067 549 1134 589 vera
1145 532 1309 589 dicentibus
1323 533 1525 602 adversantur,
1538 536 1566 588 st
1580 530 1674 604 iniqui
1688 529 1790 587 lldeles

91 620 180 675 etiam
204 620 392 681 dissimulare
417 632 568 697 peccatum
597 630 724 683 estnon
749 626 851 683 leve.»
877 626 913 682 Et
967 623 1101 696 persequi
1113 640 1170 679 non
1182 622 1585 695 omittunt:quiasecundum
1595 621 1791 677 beatumltm-

91 709 184 765 itam:
215 713 405 785 «Episcopus
430 731 525 788 neque
554 717 724 774 adulantem
749 733 791 784 se,
818 733 912 788 nsque
966 709 1789 784 brosiumznPlerumqueetiamexdoctrinaarrogantia

90 798 271 856 adulandum
288 803 390 874 cuique
405 805 548 863 exhibeat.
560 807 693 862 Alterum
709 807 787 863 enim
802 806 913 862 callidi·
966 803 1106 859 nascitur.
1122 825 1135 851 o
1150 802 1225 856 Hinc
1236 806 1264 856 et
1277 801 1400 873 legimus
1411 802 1441 857 in
1452 802 1587 871 ieremia,
1599 800 1677 872 quod
1691 798 1787 855 Semel

87 887 159 944 tatis
173 893 228 960 est,
240 891 372 947 vanitatis
383 892 510 949 alterurn
525 895 556 965 (l.
570 914 578 950 1
592 897 681 967 litate,
696 912 721 951 c.
734 898 789 968 ll).
803 918 816 945 »
830 894 912 951 Unde
966 892 1220 965 pseudopropheta
1231 892 1324 947 iratus
1340 892 1490 947 sitcontra
1501 889 1686 946 mendacium
1697 905 1785 944 suum

86 975 169 1032 valde
194 979 383 1035 metuendum
408 987 464 1048 est,
486 1000 522 1039 ne
545 984 706 1040 humanam
731 985 911 1040 observando
965 999 1033 1037 vera
1048 981 1200 1053 scripsisse
1213 981 1381 1037 Jeremiam.
1399 981 1480 1036 Unda
1496 985 1524 1035 ot
1538 980 1701 1035 Dominus:
1723 981 1788 1034 Ecce

87 1065 222 1139 gratiam,
238 1067 367 1125 divinam
384 1072 522 1128 adversus
537 1090 591 1129 nos
613 1074 793 1132 concitemus
815 1074 889 1130 iram
903 1097 910 1141 ς
964 1086 1011 1140 epo
1021 1070 1376 1143 visitahosaperSemeiam
1387 1071 1451 1142 (ter.
1463 1087 1540 1139 uarix,
1556 1069 1610 1140 32).
1625 1069 1660 1123 Et
1674 1067 1784 1123 lanias:

88 1158 117 1209 et
132 1156 201 1209 dum
218 1172 234 1210 a
255 1161 468 1216 momentaneis
484 1161 717 1219 adversariorum
734 1179 787 1218 nos
802 1178 909 1235 praca—
967 1160 995 1214 ln
1011 1177 1062 1231 qao
1078 1163 1229 1230 parentiam
1244 1175 1288 1216 aas
1303 1159 1378 1215 altra
1392 1157 1519 1214 addentes
1528 1159 1788 1228 prevaricationes?

88 1259 153 1298 vere
168 1245 327 1315 quaerimus
343 1247 470 1317 insidiis,
487 1252 602 1307 eternis
617 1252 820 1324 mancipemur
835 1252 910 1324 peri·
965 1251 1031 1321 (Iso.
1049 1267 1069 1316 1,
1084 1250 1123 1319 5.)
1140 1250 1210 1304 ltem
1237 1249 1265 1302 in
1293 1247 1435 1322 psalmis:
1463 1248 1633 1302 Declinantes
1652 1246 1788 1302 antemio

87 1330 172 1402 culis,
187 1336 216 1386 et
231 1331 303 1389 illud
320 1337 433 1392 eveniat
448 1340 525 1411 quod
549 1341 579 1395 in
600 1341 754 1397 Salomone
777 1341 907 1412 legitur:
964 1339 1175 1411 olrliqationem,
1187 1339 1301 1394 adducet
1317 1338 1447 1393 ltoraians
1462 1354 1522 1391 cam
1537 1336 1711 1407 operantibus
1724 1336 1785 1389 ini-

87 1423 144 1490 Qai
154 1422 231 1476 timet
238 1426 380 1493 pruinam,
396 1428 481 1483 irruet
490 1445 569 1499 saper
580 1447 643 1485 eam
654 1434 704 1484 aria
718 1431 788 1501 (lot.
803 1442 841 1501 vi,
855 1432 907 1502 16).
964 1431 1094 1499 paritatem
1105 1429 1189 1496 (Psoi.
1202 1445 1295 1497 curav,
1306 1429 1344 1495 5).
1356 1426 1501 1482 EtPetrus
1512 1423 1677 1497 apostolus:
1692 1425 1786 1479 Omnia

86 1509 135 1564 Ait
149 1510 226 1566 enim
242 1511 385 1570 Dominus
401 1515 431 1570 in
448 1517 601 1588 Evangelio
618 1536 624 1572 :
648 1521 702 1588 Qui
717 1535 759 1574 me
773 1519 911 1576 erubuerit
963 1518 1108 1588 prophetia
1121 1517 1163 1573 nel
1175 1519 1316 1588 scriprtara
1323 1518 1439 1588 propria
1451 1515 1677 1585 interpretatione
1690 1529 1744 1567 non
1754 1513 1786 1581 aa

85 1603 681 1671 ctmeossermones,lmacFitiasnominis
696 1609 910 1664 matescetcam
964 1606 1074 1678 (ll’ctr.
1091 1625 1110 1673 1,
1127 1607 1184 1678 20).
1206 1607 1404 1662 Dtloanncs:
1435 1604 1529 1659 Omnis
1548 1605 1597 1676 qai
1608 1600 1748 1674 precedit,
1763 1603 1789 1655 et

84 1688 189 1744 venerit
204 1691 234 1744 in
253 1694 393 1764 majestate
406 1711 469 1762 raa,
484 1699 510 1751 et
524 1700 625 1763 Patris,
643 1705 670 1752 et
683 1703 841 1754 sanctornm
855 1715 908 1753 aa·
961 1712 1017 1752 noa
1031 1701 1125 1752 nmnet
1141 1698 1171 1751 in
1185 1696 1310 1752 doctrina
1325 1695 1436 1761 Christi,
1454 1697 1539 1750 Deam
1560 1709 1615 1748 aon
1637 1692 1716 1747 halet
1740 1690 1787 1759 (ll

84 1777 210 1847 aetorum
225 1779 299 1850 (Lac.
318 1799 356 1849 ur,
371 1784 426 1854 26).
443 1785 478 1839 llt
501 1785 604 1841 beatus
623 1787 721 1843 Sixtus
744 1804 820 1859 popa
844 1787 884 1843 ait
900 1804 907 1842 :
923 1819 947 1884 B
962 1789 1046 1843 toan.
1064 1785 1112 1856 ιιι).
1129 1786 1164 1841 Ε)
1178 1785 1304 1841 lacobus
1319 1802 1325 1840 :
1341 1786 1374 1840 Si
1388 1785 1477 1839 aelam
1491 1799 1618 1838 amaram
1632 1781 1744 1846 habetis,
1761 1785 1786 1835 et

87 1888 98 1915 ι
117 1866 220 1923 Merito
237 1886 363 1943 namque
380 1889 468 1929 causa
483 1890 536 1930 nos
551 1877 681 1948 respicit,
697 1876 721 1932 si
736 1876 851 1932 silentio
867 1877 909 1932 fa·
963 1876 1148 1930 contentiones
1168 1874 1341 1930 tricordibus
1357 1875 1463 1938 nestris,
1479 1872 1567 1929 notite
1581 1871 1700 1940 ploriari
1715 1870 1786 1941 (tac.

84 1971 207 2013 veamus
222 1960 323 2016 errori.
341 1981 355 2010 »
380 1962 415 2017 tt
428 1962 559 2021 Isidorus
581 1964 643 2036 (lib.
663 1983 694 2020 ιιι
719 1966 782 2022 Sent
801 1983 826 2020 c.
844 1965 908 2037 tl),
965 1980 1007 2032 111,
1024 1965 1078 2033 ll).
1102 1963 1135 2018 lli
1160 1962 1267 2018 etenim
1290 1963 1398 2032 injuste
1412 1961 1545 2018 damnari
1561 1959 1634 2015 nihil
1652 1960 1788 2014 metuunt

86 2066 100 2094 κ
116 2046 171 2111 Qui
182 2047 326 2120 corrigere
339 2055 434 2123 potest
444 2057 473 2109 et
484 2053 661 2121 dissimulat,
673 2070 773 2111 verum
787 2055 911 2125 estquis
964 2051 1141 2124 proximum,
1158 2052 1208 2106 ubi
1224 2052 1352 2108 lavorem
1368 2055 1488 2123 sperant
1503 2049 1653 2121 acquirere
1675 2046 1786 2118 princi-

84 2148 262 2192 conseusum
273 2138 477 2196 errorisalieni
491 2141 605 2198 habeat.
622 2165 636 2193 o
654 2144 688 2198 Et
699 2143 800 2198 beatus
811 2140 910 2196 Hiero·
965 2158 1047 2214 pum,
1064 2141 1100 2196 de
1121 2141 1229 2213 quibus
1250 2140 1338 2196 etiarn
1363 2144 1391 2196 et
1412 2140 1514 2195 beatus
1539 2153 1614 2211 papa
1627 2135 1788 2191 Alexander

84 2239 211 2291 aymus:
229 2248 243 2276 a
258 2225 359 2284 Omnis
371 2231 585 2303 correctisque
599 2232 715 2305 prolicit
725 2231 759 2287 ad
772 2229 908 2298 salutem,
967 2265 1692 2286 ················
1731 2220 1786 2294 (52)

85 2312 122 2366 ad
134 2329 263 2384 presens
274 2315 462 2376 videturesse
474 2320 671 2388 tristitiae,sed
685 2327 786 2394 postea
797 2320 910 2375 fructus
968 2356 975 2373 .
990 2357 997 2374 .
1012 2357 1019 2373 .
1040 2317 1194 2373 Personam
1211 2316 1338 2389 potentis
1353 2315 1483 2388 accipere
1499 2318 1532 2369 ut
1546 2311 1679 2386 requisiti
1695 2310 1731 2367 ab
1753 2325 1786 2365 ao

85 2399 175 2458 habet
189 2404 334 2476 pacificos.
353 2429 367 2456 »
390 2410 445 2464 Sed
462 2411 540 2482 quod
557 2411 669 2482 absque
682 2411 762 2483 gravi
779 2409 835 2465 dici
851 2423 910 2465 non
964 2422 1016 2477 pro
1027 2406 1124 2462 lavore
1141 2447 1218 2465 .....
1234 2424 1291 2463 non
1303 2405 1438 2461 dubitent
1453 2405 1482 2459 in
1495 2420 1582 2459 causa
1598 2400 1722 2474 proximi
1736 2437 1781 2470 μ.

87 2495 183 2561 potest
208 2496 330 2566 gemitu,
356 2498 487 2569 [quidam
510 2516 545 2555 ex
570 2500 679 2557 nostris
698 2501 729 2555 in
748 2504 864 2556 tantum
879 2513 910 2554 se
964 2495 1031 2566 quis
1042 2498 1087 2550 est
1102 2495 1218 2562 veritas,
1230 2495 1286 2551 nisi
1301 2494 1350 2550 ille
1361 2493 1412 2566 qui
1427 2493 1517 2549 dixit:
1532 2492 1585 2562 Epa
1599 2507 1660 2545 sam
1675 2491 1729 2557 ria,
1742 2503 1786 2543 oe·

87 2580 185 2650 pravis
208 2584 369 2655 subjiciunt
397 2589 606 2660 potestatibus,
636 2594 668 2646 ut
696 2591 784 2647 etiam
812 2591 910 2648 diviua
964 2586 1068 2640 ritaret
1084 2587 1333 2657 aitottloamxv,
1345 2580 1780 2656 6·)A1¹ssumsssst⁸t50ll³ffl····

85 2669 183 2737 verba,
198 2677 425 2749 sanctorumque
435 2682 554 2734 parrum
570 2680 665 2736 edict,
680 2682 716 2737 ad
731 2682 908 2754 mdargugn.
963 2674 1071 2730 scelere
1081 2691 1169 2746 quarn
1180 2675 1254 2730 etde
1264 2689 1472 2746 oppressorum
1484 2669 1644 2728 miserabili
1653 2668 1785 2734 elisione,

85 2758 156 2816 dum
178 2760 245 2818 vitia
270 2764 390 2836 prolata,
407 2768 477 2824 adeo
501 2768 583 2825 falsis
608 2769 741 2826 nitantur
762 2772 909 2844 vitupera·
963 2781 1030 2820 cum
1044 2765 1082 2821 eit
1097 2765 1189 2820 nostri
1201 2764 1325 2837 opprimi
1330 2803 1543 2827 ........
1559 2760 1787 2816 veroinstantis·

85 2845 216 2906 tionibus
240 2854 428 2925 obumbrare,
455 2861 489 2912 ut
515 2858 604 2914 etiarn
634 2860 726 2916 sacris
756 2860 909 2918 videantur
963 2854 1037 2911 sime
1059 2857 1172 2927 juvare.
1190 2854 1271 2910 Unde
1295 2854 1398 2910 beatus
1417 2850 1612 2908 Ambrosius:
1640 2852 1785 2906 Errantem

85 2938 260 2998 confirmare
274 2943 426 3014 doctrinis,
444 2963 508 3019 quas
522 2949 700 3005 omnimodis
721 2949 834 3006 dudum
858 2951 908 3008 de·
962 2947 1083 3000 amicam
1097 2946 1206 3014 corripe
1222 2982 1408 2999 ·······
1428 2957 1463 2996 'tt
1477 2939 1607 3007 deseram
1623 2941 1653 2994 in
1667 2939 1786 2995 “1¹⁰0'th

84 3029 198 3084 structa
213 3035 283 3087 sunt
298 3033 328 3088 in
344 3034 425 3106 ipsis.
442 3036 477 3092 lli
494 3053 561 3109 ergo
575 3039 648 3095 tales
664 3038 767 3095 merito
782 3040 908 3111 pseudo·
962 3038 1038 3091 enim
1051 3036 1156 3091 amicas
1168 3031 1384 3106 praestantiam
1397 3033 1427 3086 in
1440 3032 1583 3102 prosperis
1597 3031 1682 3084 amici
1693 3044 1786 3085 omnes

83 3117 242 3188 propheta,
259 3126 287 3178 et
311 3125 526 3194 pseudochristi
545 3126 705 3194 dicuutur.)
732 3168 738 3184 .
765 3170 771 3184 .
795 3129 908 3184 ,modo
962 3125 1100 3179 videntur.
1126 3123 1160 3177 Et
1184 3122 1315 3178 iterum:
1341 3121 1400 3176 Nan
1424 3119 1552 3190 msendas
1578 3118 1740 3190 improbam,
1759 3121 1786 3173 et

81 3202 127 3260 vel
136 3205 231 3277 gloria
241 3209 305 3264 vitoe
317 3211 487 3282 temporalis
498 3231 550 3285 per
561 3213 865 3289 adulationislapsum
877 3233 907 3274 se
923 3188 945 3255 G
963 3216 1063 3269 sancta
1074 3212 1187 3282 troliano
1197 3209 1392 3266 conimitteaaa
1403 3223 1457 3263 aaa
1468 3208 1611 3263 arbitreris
1617 3223 1628 3269 ,·
1639 3222 1727 3278 neque
1737 3209 1787 3262 im·

81 3295 208 3351 terrenis
223 3298 417 3367 potestatibus
456 3341 905 3362 ,,,,,,,,,,,,,,,,
959 3316 1065 3374 paqnes
1080 3302 1171 3356 aerias
1186 3300 1300 3366 crimen,
1314 3313 1369 3353 raon
1377 3295 1554 3369 deprehendis
1569 3296 1681 3368 (sio).Et
1691 3295 1761 3352 alibi
1778 3321 1785 3353 ι
1831 3335 1836 3345 ·

81 3385 256 3455 subjiciunt.
272 3387 305 3442 at
319 3387 373 3443 hoc
388 3393 465 3444 certe
480 3391 600 3462 quidam
615 3393 680 3448 ideo
699 3394 793 3450 lacere
807 3396 907 3452 viden·
961 3391 1038 3449 atta
1053 3392 1209 3463 opinionem
1224 3390 1279 3444 imo
1294 3386 1356 3459 (sio)
1379 3385 1460 3456 tidem
1479 3392 1585 3456 arceat,
1602 3402 1683 3457 qaam
1707 3388 1732 3442 si
1756 3388 1786 3442 in

80 3478 140 3545 tur,
153 3478 186 3530 ut
197 3474 331 3547 ipsorum
343 3476 447 3533 delicta
462 3481 625 3551 potentium
636 3483 807 3539 auctoritate
818 3484 908 3541 india-
955 3479 1108 3551 indicando
1121 3478 1269 3550 potentiori
1283 3477 1365 3533 doner
1379 3492 1493 3533 causam
1506 3477 1662 3547 inferioris,
1673 3483 1700 3532 et
1713 3493 1784 3544 poa-

81 3580 170 3619 cussa
184 3563 406 3637 relinquantur;
422 3567 538 3639 sibique
553 3571 663 3625 conscii
680 3572 716 3627 da
734 3574 851 3645 proprio
867 3575 906 3630 ti·
960 3585 1052 3642 perena
1079 3571 1254 3624 innoeentem
1280 3583 1396 3638 aramis
1427 3565 1542 3621 divitem
1569 3581 1678 3621 mmet
1706 3582 1785 3621 stum

82 3656 164 3709 ment
174 3653 302 3710 facinore
313 3656 406 3728 argui,
418 3656 443 3712 si
455 3654 572 3714 illorum
583 3660 739 3717 defendere
749 3663 907 3733 pravitates
960 3661 1057 3731 calpae.
1074 3659 1110 3714 Et
1132 3674 1235 3715 rursus
1252 3675 1258 3711 :
1283 3658 1330 3712 llis
1353 3657 1427 3712 enim
1446 3658 1570 3727 savenras
1582 3657 1784 3729 frequentans

81 3758 140 3797 non
162 3744 381 3802 decertaverint.
398 3746 475 3810 Quos
498 3751 527 3803 et
550 3755 744 3820 congruentor
769 3753 908 3809 admonet
961 3744 1785 3821 auitaereterenaeoieemsperanmprattae.tauromenio

81 3831 159 3887 idem
174 3831 292 3888 dicens:
310 3855 323 3882 a
338 3833 508 3891 Consideret
521 3853 649 3909 namque
664 3838 751 3895 bomo
766 3857 832 3896 cum
848 3859 906 3914 quo
961 3839 1087 3908 infirmos
1110 3849 1136 3892 et
1160 3840 1252 3907 inopes
1272 3838 1427 3890 sustentare
1440 3821 1574 3901 conuenit,
1590 3836 1659 3905 qaia
1671 3851 1721 3906 pro
1742 3850 1784 3902 eo,

12 3926 17 3936 '
80 3920 245 3976 adversario
262 3919 372 3977 bellum
388 3928 479 3994 gerat,
493 3923 522 3978 iu
539 3941 624 3981 suam
639 3941 670 3980 se
687 3926 767 3992 mali,
784 3944 841 3999 quo
856 3930 906 3984 de·
961 3928 1010 3998 qai
1023 3942 1078 3981 non
1093 3925 1181 3991 habet,
1197 3927 1448 3981 remunerationem
1464 3939 1604 3995 speramns
1627 3940 1647 3979 a
1671 3924 1785 3979 Domino

81 4008 204 4078 liquisse
219 4011 384 4082 perpendit,
400 4012 504 4068 saltem
525 4015 560 4068 ad
584 4014 699 4085 culpam
717 4016 857 4088 protrahi,
873 4033 908 4072 ex
959 4020 1036 4080 lesa,
1048 4016 1097 4085 qai
1107 4015 1159 4069 aab
1171 4014 1384 4084 speeieconoiaii
1393 4012 1548 4082 generalem
1558 4013 1691 4065 virtatem
1700 4011 1785 4066 edidit

80 4096 169 4170 culpa
184 4100 381 4171 pertimescat.
394 4101 515 4158 Talibus
530 4103 648 4175 quidem
660 4104 802 4160 Dominus
817 4105 906 4162 etiam
960 4106 1093 4175 somnam,
1104 4109 1136 4158 nt
1153 4103 1196 4157 tris
1209 4103 1298 4172 potiar
1309 4103 1401 4156 nostra
1411 4101 1583 4170 conferamur
1594 4099 1725 4170 beneficia
1737 4102 1785 4171 qai

79 4204 133 4259 per
145 4188 249 4244 lsaiam
266 4190 471 4262 comminatur,
483 4192 604 4249 dicens:
625 4195 668 4250 Vae
681 4197 730 4265 qai
744 4194 838 4250 dicitis
849 4213 907 4252 ma-
961 4195 1038 4250 notis
1052 4210 1084 4249 eo
1098 4208 1153 4247 non
1167 4195 1279 4263 possunt
1293 4192 1502 4262 repraesentare,
1513 4189 1627 4245 dicens:
1641 4189 1683 4245 Ad
1695 4191 1785 4245 conai-

80 4277 138 4331 lam
164 4277 274 4345 bonam,
302 4284 328 4334 et
353 4281 452 4335 bonnm
480 4280 600 4350 matam,
623 4291 753 4353 ponentes
782 4287 906 4341 tenebras
961 4286 1037 4341 aiam
1051 4291 1131 4355 atqae
1146 4282 1240 4352 epotas
1255 4297 1310 4336 non
1324 4297 1368 4337 eos
1383 4282 1431 4353 qai
1445 4280 1541 4336 divites
1555 4287 1629 4347 sant,
1643 4280 1689 4336 sed
1709 4297 1783 4353 paa-

79 4367 180 4431 lacem,
196 4372 225 4423 et
251 4367 341 4424 lacera
366 4370 490 4425 tenebras
514 4373 593 4442 (lsai.
618 4389 645 4439 v,
672 4373 728 4440 20).
756 4373 792 4428 Dt
817 4390 907 4446 supra
958 4389 1036 4446 peres
1051 4371 1225 4433 inuitandos:
1240 4372 1311 4426 idern
1334 4371 1446 4444 adjuvat
1470 4371 1508 4426 ad
1530 4374 1684 4442 profectam
1704 4371 1784 4429 lonae

79 4456 115 4510 ad
144 4455 353 4514 Hierusalem:
379 4458 519 4530 caupones
545 4462 589 4515 tat
614 4462 784 4516 miscuerant
810 4464 905 4519 ninam
959 4462 1183 4527 existimationis,
1195 4462 1220 4516 si
1235 4460 1267 4517 de
1274 4463 1395 4533 potentis
1408 4460 1648 4532 marrilaseripias
1662 4462 1782 4529 inopem.

78 4560 151 4616 aqna
177 4546 255 4618 (lsai.
278 4565 297 4615 1,
317 4547 375 4619 22),
391 4570 405 4598 »
430 4548 626 4621 Hieronymus
641 4550 703 4622 (lib.
721 4568 749 4606 ιν
763 4553 794 4606 in
807 4554 905 4609 terem.
921 4562 945 4627 Ι)
960 4554 1030 4609 Nam
1048 4554 1073 4607 si
1093 4566 1251 4623 oppressam
1264 4552 1360 4622 opitna
1374 4551 1491 4622 potentis
1514 4553 1541 4605 et
1563 4551 1681 4620 sartione
1695 4552 1783 4618 manis
1800 4581 1808 4594 ·

78 4649 104 4689 o.
133 4636 201 4706 13):
230 4658 244 4685 α
262 4637 342 4709 Saepe
366 4636 501 4693 imitatur
528 4639 716 4695 mendacium
744 4641 906 4713 veritatem,
962 4659 1044 4715 qaam
1061 4642 1169 4699 sceleris
1192 4642 1237 4696 sai
1250 4641 1316 4695 nitio
1331 4642 1476 4708 provatum
1491 4638 1660 4703 liberaveris,
1674 4641 1783 4709 epreqie

78 4727 107 4779 et
130 4724 189 4780 nisi
215 4724 352 4783 babuerit
370 4726 500 4803 aliquam
516 4728 585 4784 recti
602 4728 840 4799 similitudinem,
855 4733 905 4788 de·
962 4733 1072 4788 valescit
1083 4731 1210 4803 opinioni
1222 4728 1419 4784 testimoniam.
1431 4731 1465 4783 Et
1474 4727 1528 4783 Joh
1540 4727 1596 4783 ait:
1611 4725 1721 4783 Salvam
1729 4728 1783 4799 feci

77 4813 174 4884 cipere
199 4831 258 4870 non
279 4819 376 4886 potest
396 4817 611 4874 innocentes.»
638 4819 672 4874 llt
687 4818 817 4876 iterum:
844 4821 905 4878 «Si
959 4837 1106 4894 pauperem
1120 4821 1153 4876 de
1167 4835 1253 4874 arona
1268 4819 1396 4889 potentis,
1412 4822 1440 4873 et
1453 4818 1592 4889 papillam
1606 4817 1653 4872 cai
1672 4818 1782 4889 adjutor

79 4901 238 4974 aliquando
252 4904 338 4961 nobis
348 4921 399 4977 pro
411 4907 635 4963 necessitatibus
646 4911 674 4963 et
690 4910 835 4980 augustiis
850 4911 904 4965 bu·
959 4928 1017 4965 non
1031 4918 1101 4977 erat,
1117 4909 1213 4981 adjuvi
1228 4910 1286 4978 (tot
1301 4925 1378 4973 xxix,
1395 4909 1449 4978 12).
1465 4908 1500 4963 lit
1515 4907 1584 4962 itam
1601 4923 1608 4962 :
1624 4906 1780 4962 Benedictio

77 4990 188 5048 militas
203 5009 278 5066 opus
300 4999 354 5066 est,
371 4994 412 5050 sic
435 5011 499 5050 eam
521 5014 686 5063 sumamus,
703 5015 739 5054 ne
753 4998 903 5054 veritatem
956 5001 1077 5071 perituri
1090 5001 1120 5053 in
1132 5013 1174 5052 rae
1184 4999 1278 5052 ueniat
1288 4996 1381 5068 (rotat,
1395 4997 1449 5065 13).
1461 4997 1496 5051 Et
1508 4995 1614 5052 lsaias:
1627 4997 1781 5065 Consortate

75 5084 105 5136 et
119 5083 315 5140 constentiam
329 5084 511 5140 deseramus.
525 5107 539 5135 »
555 5087 736 5153 Quibusdam
747 5087 834 5144 etiam
852 5105 904 5144 nec
958 5105 1058 5145 manas
1072 5088 1227 5153 dissolatas,
1243 5091 1268 5143 et
1290 5103 1381 5158 penna
1402 5087 1509 5142 debilia
1528 5088 1652 5143 roborate
1665 5102 1676 5137 .·
1699 5081 1780 5137 dicite

74 5187 106 5226 se
115 5173 320 5230 tantummodo
329 5190 442 5230 errasse
451 5168 569 5243 sufficit,
578 5177 627 5233 sad
636 5177 672 5232 ad
682 5177 728 5232 sui
736 5177 904 5234 detrimenti
955 5179 1156 5253 pusillanimis,
1166 5178 1253 5233 notite
1263 5178 1357 5232 timere
1367 5177 1433 5248 (lea.
1443 5192 1526 5242 xxxv,
1537 5175 1575 5245 3).
1588 5174 1777 5243 Quapropter,

75 5260 229 5318 cumulum
246 5278 378 5336 quosque
400 5263 430 5320 in
446 5279 576 5320 errorem
593 5266 744 5338 proprium
760 5267 903 5323 deducere
957 5270 1062 5324 tratres
1078 5266 1135 5323 mei
1152 5265 1344 5334 dilectissimi,
1357 5282 1374 5321 a
1389 5261 1571 5321 rectitudinis
1583 5258 1698 5316 tramite
1712 5260 1778 5316 nul·

74 5356 222 5420 querunt.
239 5350 418 5410 Resisteutes
434 5369 552 5426 quoque
567 5354 623 5409 sibi
642 5355 671 5409 in
686 5356 856 5427 hujusmodi
872 5358 901 5413 in
955 5349 1777 5427 lateuusrecedamus,qulasecundumeumdembeatum
1811 5364 1814 5369 ·

72 5441 190 5496 tautum
202 5446 335 5529 proterve
346 5443 509 5516 increpant,
519 5447 661 5515 quantum
673 5461 704 5501 se
715 5445 744 5500 iu
757 5463 902 5517 perverso·
956 5447 1142 5504 Ambrosium
1153 5444 1269 5518 justitia
1278 5462 1331 5502 nec
1346 5445 1417 5500 locis
1431 5458 1483 5497 nco
1493 5440 1625 5511 personis
1638 5456 1690 5497 nco
1702 5443 1775 5496 tem·

106 5621 164 5695 (52)
179 5621 247 5686 Quae
261 5626 425 5695 sequuntur
439 5624 588 5682 adduntur
602 5638 637 5680 eu
650 5623 745 5683 lllansi
760 5627 837 5699 apud
853 5624 964 5693 Ba'lun,
979 5625 1099 5685 Miscell.
1114 5647 1188 5688 sacr.
1204 5627 1340 5687 editionis
1357 5621 1522 5681 buccensis.
