3908 6096
76 240 116 268 ”
159 281 220 347 rra
400 244 406 252 ’
667 278 836 347 arronis
859 278 1153 346 trecassensis
1176 279 1356 347 nrrsoorr
1807 281 1870 350 rae

163 417 236 475 dnm
250 418 304 486 est,
319 417 349 473 et
361 429 399 475 ne
412 414 596 485 deficiamus,
612 415 745 475 divinum
760 415 903 474 auxilinm
925 416 981 472 im·
995 415 1024 484 Α
1037 431 1209 473 enumerare
1223 416 1436 474 curavimusd
1452 415 1656 475 meretricibus
1679 432 1732 475 vos
1760 432 1868 477 osvero

164 505 324 582 ploremus.
1041 505 1209 575 docuimus,
1224 510 1253 562 st
1279 511 1486 563 extranearum
1514 506 1632 579 penitus
1660 505 1869 566 interdiximus

201 596 375 653 Sanctarum
390 595 607 669 Scripturarum
623 593 757 668 paginas,
788 593 987 662 dilectissimi,
1041 595 1233 652 contubernia
1247 594 1435 662 feminarum
1449 612 1514 668 qua
1528 595 1800 653 etiamsanotorum
1814 601 1868 654 Pa·

165 686 356 757 perscrutate,
371 687 401 741 et
416 683 445 738 in
460 683 507 739 his
518 682 689 754 diligentius
701 682 893 755 meditemini,
909 684 987 741 undo
1041 687 1120 740 trum
1133 683 1374 742 confirmavimus
1388 683 1618 751 testimoniisms
1634 683 1755 757 impune
1769 689 1869 744 trans·

164 771 688 844 hecqusanobisdiotasuntnon
704 771 906 844 quasinostra
922 771 989 829 vils-
1045 771 1128 844 gredi
1157 772 1334 844 putassetis;
1351 773 1403 829 sed
1431 772 1502 844 quia
1537 771 1687 844 aliquibus
1709 774 1872 845 proiecisse

76 893 81 909 ι
165 865 248 919 aoent
263 879 271 930 ;
286 861 354 934 quis
368 876 459 932 quse
474 860 583 918 sanetis
594 860 731 918 Patribus
747 861 988 934 accepimus,hso
1042 861 1325 933 cognoscimus,Dso
1335 861 1412 918 Patri
1422 862 1541 918 devotas
1551 860 1790 934 primumlaudes
1801 879 1868 936 por·

165 949 305 1006 tratribus
319 948 656 1022 exposuimus.{Qnorum
672 949 814 1023 exempla,
830 951 901 1023 quia
916 968 988 1008 rnn-
1044 948 1186 1007 solvimus
1203 967 1211 1007 :
1228 950 1310 1006 vobis
1324 950 1412 1006 etiam
1427 949 1595 1006 immensas,
1608 965 1659 1022 per
1682 965 1753 1006 sum
1768 957 1869 1024 grates

165 1043 212 1099 cte
226 1056 283 1095 non
299 1054 460 1111 possumus
475 1037 628 1110 explicaro,
640 1055 735 1111 pauca
748 1040 785 1096 do
798 1040 899 1096 multis
911 1056 989 1112 que·
1044 1037 1197 1094 referimus
1214 1055 1221 1106 ;
1237 1041 1400 1107 exorantes,
1426 1041 1459 1094 ut
1473 1038 1510 1094 de
1535 1036 1642 1094 virtme
1668 1037 1700 1094 in
1728 1038 1869 1096 mutem

165 1126 233 1187 dam
248 1125 458 1198 proposuimus
475 1144 481 1184 :
498 1127 633 1199 quadam
649 1132 748 1184 autem
777 1127 991 1185 subscribenda
1044 1127 1248 1195 conscendere,
1264 1131 1292 1184 st
1305 1127 1398 1184 Deum
1412 1127 1535 1184 deornm
1550 1126 1580 1182 in
1594 1126 1663 1183 Sion
1692 1127 1869 1185 mereamini

166 1215 366 1290 previdimus.
383 1215 534 1287 Inprimis
559 1215 674 1272 Nicone
695 1217 825 1289 synodus
847 1221 990 1274 trecento·
1044 1216 1220 1289 prospicere.
1236 1213 1647 1290 Quapropter,chariseimi,si
1661 1214 1753 1287 aliqui
1769 1215 1868 1273 adbuc

166 1321 233 1371 rum
249 1304 351 1361 desem
364 1308 394 1363 et
408 1309 475 1362 octo
490 1310 659 1363 sanctorum
673 1306 807 1376 Petrum,
822 1306 852 1362 in
868 1324 927 1380 qua
947 1306 991 1364 di·
1044 1308 1133 1361 tants
1148 1305 1285 1378 nequitie
1297 1321 1380 1361 ooeno
1396 1303 1524 1361 demersi
1543 1301 1743 1370 involvuntur,
1770 1303 1869 1378 lsory·

166 1394 235 1451 vino
249 1392 360 1466 Spiritu
375 1392 448 1449 fides
462 1393 609 1453 catholica
637 1395 786 1467 roborata,
814 1395 991 1452 arianorum
1046 1393 1137 1450 mosis
1149 1393 1309 1466 gemitibus
1326 1392 1481 1450 llominnm
1495 1398 1616 1449 exorare
1629 1405 1691 1448 nen
1706 1392 1866 1462 diderant;

168 1489 213 1540 cst
227 1482 350 1556 pertidia
364 1483 524 1549 destructa,
541 1499 605 1556 qus
620 1484 656 1540 ab
667 1484 838 1542 bominibus
853 1485 992 1557 quemad·
1047 1497 1153 1538 manus
1165 1481 1277 1541 elevare
1292 1497 1350 1538 non
1365 1480 1515 1550 omittant,
1532 1484 1565 1536 ut
1580 1481 1616 1536 de
1629 1483 1713 1538 tanta
1732 1481 1871 1554 voragine

158 1571 291 1651 ¹modum
308 1571 480 1646 evangelion
493 1573 583 1630 verbs
597 1577 738 1643 servatur,
756 1575 851 1647 oapi
877 1574 991 1646 (Nicen.
1045 1568 1132 1628 eitius
1148 1569 1267 1628 liberari
1281 1569 1395 1627 valeant
1412 1567 1639 1641 ,scriptumest
1653 1568 1732 1626 mim
1748 1569 1869 1627 :em

168 1659 272 1719 morit.
287 1677 352 1718 can.
368 1661 416 1733 2):
434 1685 445 1714 ι
462 1661 617 1719 Interdiait
629 1678 683 1734 per
696 1663 796 1720 omnia
809 1678 917 1736 magna
927 1678 993 1736 syn·
1046 1660 1094 1731 qai
1104 1660 1176 1731 petit
1189 1660 1292 1731 accipit
1307 1662 1333 1714 et
1361 1659 1410 1730 pai
1424 1659 1525 1729 querit
1551 1658 1657 1715 mesra
1668 1675 1680 1725 ,·
1692 1661 1721 1714 et
1740 1660 1872 1730 petasati

170 1751 244 1808 odus
260 1767 318 1808 uon
334 1750 482 1824 episcopo,
508 1768 567 1809 non
582 1752 778 1826 peresbytero,
807 1770 866 1809 non
893 1753 993 1810 diaco·
1047 1750 1188 1820 demutor
1201 1747 1307 1820 (daut.
1322 1746 1513 1819 v11,2).'l'anta
1524 1761 1594 1819 ergo
1611 1745 1728 1804 Domini
1742 1748 1871 1819 promis·

169 1855 218 1907 no,
234 1855 288 1899 nec
302 1839 390 1904 alicui
405 1841 526 1898 omnino
540 1842 592 1913 qui
606 1840 637 1897 in
653 1840 730 1899 olsro
759 1845 804 1899 est
816 1841 903 1899 licere
916 1842 992 1899 Tsub·
1046 1837 1139 1909 sione,
1155 1835 1353 1906 tratres,nihil
1367 1836 1549 1906 hesitantes,
1558 1834 1704 1894 mstitstis
1717 1835 1869 1894 samium

168 1927 367 1987 introductam
381 1928 490 1986 babere
505 1929 670 1999 mulierem,
687 1929 745 1987 nisi
767 1930 841 1988 forte
868 1934 992 1988 matrem
1046 1925 1251 1985 incunctanter
1264 1925 1393 1999 arripite.
1407 1924 1501 1983 Dabit
1515 1940 1621 1997 nempe
1648 1925 1873 1997 perseuerantiae

169 2019 221 2074 aut
235 2031 377 2087 sororem,
392 2021 444 2073 aut
457 2016 639 2088 amitam,vel
655 2034 705 2075 eas
719 2022 837 2077 mutum
853 2035 993 2091 personas
1047 2013 1272 2089 perisotum2qui
1286 2012 1472 2074 voniissflniiae
1481 2013 1564 2073 dedii
1574 2013 1792 2071 mauditum&
1803 2013 1873 2087 (μὴ

168 2119 234 2177 quae
249 2103 434 2178 suspiciones
448 2105 603 2179 effugiunt.
620 2129 634 2158 »
652 2108 723 2162 Item
739 2122 774 2164 ex
789 2108 917 2166 Decretis
930 2107 993 2165 Gle-
1047 2109 1146 2162 antem
1161 2103 1305 2178 superbis
1321 2102 1450 2162 stimulis
1464 2102 1559 2161 elatus
1581 2101 1626 2159 vol
1655 2102 1874 2175 desperationis

169 2194 277 2253 montis
290 2209 372 2265 pape
390 2211 397 2250 :
415 2215 430 2245 ι(
448 2194 539 2252 Nemo
562 2211 630 2252 cum
659 2200 797 2253 extranea
823 2196 937 2254 habitet
952 2197 994 2254 ie·
1046 2194 1114 2250 tabe
1127 2193 1301 2266 profligatus
1314 2207 1469 2265 assurgere
1483 2191 1655 2266 neglexerit,
1667 2207 1727 2248 non
1741 2191 1873 2250 hecuba·

170 2282 253 2341 mine
265 2280 326 2339 nioi
340 2299 424 2345 soror
438 2286 490 2340 aut
509 2283 643 2356 proxima
656 2284 756 2351 tuerit,
784 2289 814 2341 et
839 2285 896 2342 boc
925 2302 993 2343 cum
1048 2298 1105 2355 que
1119 2283 1166 2339 sui
1182 2281 1310 2355 periculo
1326 2281 1436 2354 gradus
1463 2281 1584 2338 omnino
1613 2279 1764 2349 transibit,
1792 2282 1873 2355 qnod

171 2386 280 2444 magna
294 2369 492 2430 sollicitudine
507 2372 635 2445 fiat,Non
648 2372 729 2430 enim
743 2373 916 2447 ignoramus
930 2391 993 2431 ma·
1047 2371 1196 2429 nullorum
1210 2370 1363 2439 deciorum
1367 2410 1763 2428 .........
1784 2369 1873 2428 maha

171 2458 251 2521 litias
271 2460 394 2517 Seiana.
423 2482 437 2512 e
466 2461 538 2519 item
569 2461 665 2518 Sirioii
694 2465 785 2532 (epist.
816 2461 842 2530 l,
870 2479 895 2520 o.
924 2465 993 2536 tet:
1047 2458 1161 2518 actibus
1176 2459 1274 2518 divino
1288 2459 1416 2517 examini
1429 2461 1596 2527 occurrant,
1611 2475 1701 2530 quom
1724 2458 1873 2516 infelicem

175 2548 338 2619 slleminas
352 2565 419 2608 vero
430 2566 488 2607 uon
500 2550 662 2609 sliasessse
672 2550 804 2624 petimur
816 2550 847 2608 in
856 2552 995 2609 domibus
1047 2548 1171 2623 proprie
1186 2548 1311 2606 nimium
1326 2548 1498 2622 iniquitates
1512 2552 1646 2622 gravant,
1661 2549 1712 2605 sed
1726 2547 1825 2622 potius
1835 2549 1874 2607 ds

172 2637 355 2709 clericorum,
380 2638 439 2696 nisi
462 2655 512 2695 cas
536 2643 651 2695 tantum
676 2656 751 2711 ques
776 2645 895 2713 propter
916 2640 994 2697 solas
1047 2640 1145 2694 vestra
1158 2636 1627 2696 bonaconversationenobisonm
1642 2635 1873 2710 gratulari,stab

172 2725 424 2785 necessitudinum
441 2743 545 2785 causas
564 2727 696 2785 habitare
724 2745 791 2784 oum
820 2728 931 2786 eisdem
946 2745 995 2802 ey·
1048 2725 1314 2784 innumerabilibus
1327 2725 1440 2784 delictis
1455 2742 1569 2783 merear
1592 2725 1738 2798 excusari,
1762 2726 1872 2783 laccho

173 2813 268 2873 nodus
283 2814 418 2883 Nicaeana
430 2815 595 2887 permisit.»
611 2816 671 2878 lloo
686 2815 782 2874 multa
796 2817 930 2891 concilia,
939 2818 995 2876 hoo
1048 2814 1162 2872 dicente
1174 2815 1304 2888 apostolo
1320 2816 1389 2886 :Qui
1402 2817 1524 2873 conserti
1536 2817 1634 2888 lecerit
1647 2819 1819 2889 praemorsas
1833 2817 1871 2872 ab
1927 2850 1936 2858 ·

171 2902 499 2962 multorumdoctorum
515 2921 574 2963 non
589 2911 703 2963 tacuere
718 2906 879 2964 sententis.
895 2906 994 2964 lnhoo
1047 2906 1283 2978 errorscieeus,
1302 2906 1417 2963 mtuooit
1445 2907 1572 2962 ociorem
1599 2905 1659 2977 ejas
1685 2922 1705 2961 c
1731 2912 1828 2972 morte,
1843 2907 1874 2961 et

171 2990 387 3051 ecclesiasticus
402 2993 495 3051 honor
518 2994 549 3051 in
578 2994 633 3051 hoc
662 2994 836 3054 clericorum
865 2996 995 3070 dignitas
1047 2994 1150 3066 operiet
1162 2993 1368 3053 multitudinem
1383 2997 1554 3067 morum
1568 2995 1638 3066 (tuo.
1653 3011 1683 3062 v,
1697 2994 1754 3066 20).
1780 2992 1873 3051 Vobis

170 3085 336 3153 perseverat
351 3099 359 3137 :
375 3081 445 3139 hinc
459 3083 565 3140 crescit
580 3083 719 3154 charitas,
744 3084 873 3142 avaritie
889 3085 994 3159 rubigo
1047 3098 1114 3139 vero
1129 3083 1243 3140 tratres.
1267 3099 1343 3157 quoe
1368 3082 1472 3141 oculus
1501 3081 1617 3140 Domini
1644 3081 1874 3140 misericorditer

170 3168 359 3242 abstergitur.
375 3168 422 3227 Sic
436 3176 539 3229 sancta
554 3171 683 3230 licclesie
706 3173 818 3246 unitur,
833 3173 994 3231 dissensio·
1008 3155 1030 3224 C
1044 3170 1108 3243 J'am
1123 3172 1259 3244 respexit,
1274 3175 1304 3230 et
1316 3188 1333 3229 a
1347 3171 1457 3230 talibus
1473 3171 1560 3244 eruit,
1589 3187 1642 3243 pro
1669 3169 1734 3228 aliis
1757 3170 1875 3244 jugiter

169 3256 227 3327 nis,
241 3261 271 3315 et
288 3258 405 3316 invidia
428 3261 505 3317 rima
525 3259 608 3320 nulla
637 3261 828 3335 conspicitur.
852 3264 938 3329 Quod
961 3267 994 3321 ut
1048 3259 1873 3334 Omnipotentsmsxpeditexorareipsosqnesalutaribus

169 3346 324 3406 observare
337 3347 469 3419 possitis,
493 3350 612 3421 adiuvet
627 3350 723 3407 trinus
738 3355 767 3408 st
795 3367 874 3408 unus
902 3352 991 3422 Deus,
1047 3349 1168 3406 monitis
1179 3352 1216 3407 ad
1227 3350 1349 3409 metiore
1363 3350 1498 3408 convenit
1511 3348 1711 3418 exhortemini
1726 3364 1780 3406 sos
1794 3364 1872 3422 quo·

169 3433 220 3508 qui
234 3435 305 3493 vivit
319 3440 348 3494 et
362 3440 465 3510 regnat
480 3454 531 3510 per
546 3437 645 3496 omnia
673 3439 783 3498 secula
806 3439 992 3498 seculorum.
1047 3452 1106 3510 quo
1129 3438 1219 3495 modo
1236 3439 1387 3497 vobiscum
1414 3439 1523 3512 pariter
1547 3437 1670 3495 valeatis
1696 3435 1870 3507 sublimare,

167 3523 271 3593 Amen.
1047 3526 1161 3586 dicente
1170 3528 1296 3586 Domino
1310 3547 1320 3584 .·
1334 3528 1367 3587 st
1378 3530 1469 3601 freter
1479 3531 1598 3602 fratrom
1608 3527 1759 3599 aditum.
1788 3528 1872 3585 ambo

472 3614 688 3673 aristoteli.
1049 3615 1258 3675 emereamur.
1274 3618 1309 3675 lit
1331 3616 1442 3674 Paulus
1468 3615 1626 3690 Apostolus
1640 3636 1651 3672 .·
1665 3618 1741 3673 Alter
1754 3617 1872 3674 attam

488 3720 525 3759 sn
549 3721 672 3761 scensas.
1047 3709 1343 3777 eocroportcteeteio
1356 3706 1549 3779 adimplebitis
1564 3705 1650 3778 lesem
1666 3705 1769 3764 Circeii
1797 3705 1870 3778 (dat.

204 3789 280 3845 Arno
294 3790 586 3863 gratiallsihnmilis
609 3792 776 3866 episcopus,
806 3797 921 3852 cunctis
944 3811 994 3852 sa·
1046 3810 1084 3866 vr,
1099 3795 1138 3864 2).
1155 3797 1329 3854 lit-lacobus
1342 3795 1385 3852 ait
1400 3812 1408 3855 ε
1425 3796 1573 3867 Orotepro
1591 3796 1710 3850 tramam
1735 3795 1866 3852 aimbe-

171 3877 338 3936 csrdotibns
353 3895 516 3954 eorumque
530 3881 676 3939 ministris
699 3883 729 3938 in
754 3887 856 3941 nostra
880 3883 992 3942 Vercel-
1047 3884 1121 3939 mini
1133 3884 1201 3955 (tec.
1216 3901 1243 3943 v.
1260 3883 1316 3957 td).
1346 3889 1401 3942 Por
1425 3883 1580 3943 bominum
1608 3887 1743 3940 nostrum
1766 3883 1870 3940 lesum

169 3965 244 4024 lensi
258 3968 392 4027 dioecessi
408 3971 659 4029 commorantibus
673 3975 786 4030 eterna
800 3970 948 4031 felicitatis
958 3991 992 4032 oo
1047 3971 1207 4044 Christum,
1223 3973 1274 4045 qni
1291 3989 1360 4030 cnm
1375 3974 1458 4031 Patre
1486 3976 1649 4046 sanctoque
1676 3973 1785 4046 Spiritu
1800 3972 1872 4030 vivit

169 4072 284 4127 ronam,
1048 4065 1076 4117 et
1091 4060 1234 4134 gloriatur
1247 4067 1324 4120 Deus
1342 4079 1395 4136 per
1420 4062 1521 4120 omnia
1547 4061 1656 4119 escula
1683 4062 1871 4120 seculorum.

204 4146 273 4211 Quae
287 4147 396 4220 sapius
411 4153 603 4221 usurpantur,
620 4149 797 4223 charissimi,
818 4150 926 4224 sapius
940 4153 992 4208 dc·
1047 4152 1153 4207 Amen.

168 4234 304 4292 testando
321 4234 507 4305 reprimenda
522 4241 602 4307 sunt,
616 4237 707 4294 donec
736 4238 885 4296 exinanita
898 4245 927 4296 et
941 4257 990 4313 pe·
1330 4239 1512 4298 urrerem
1526 4239 1575 4295 xl.

168 4320 250 4379 nitus
277 4320 388 4380 abolita
415 4324 576 4381 deficiant:
593 4324 619 4381 si
643 4330 743 4384 autem
776 4332 843 4399 post
870 4328 991 4386 interdi-
1268 4346 1306 4387 sn
1323 4344 1544 4387 summersos
1561 4342 1645 4384 suos.

168 4414 250 4469 ctum
266 4410 400 4485 neglecta
414 4412 534 4481 tuerint,
562 4418 592 4470 et
619 4414 735 4472 silentio
763 4421 895 4474 contecta
922 4434 990 4491 per·
1082 4418 1282 4477 Sanctissimis
1295 4412 1742 4476 stdileotieslmisconirstribus
1755 4408 1872 4469 illisve·

169 4500 345 4571 manserint,
361 4501 457 4574 magis
473 4502 580 4560 armari
596 4519 686 4576 quam
701 4504 830 4563 abdicari
845 4507 990 4565 videntur.
1007 4525 1032 4594 p
1048 4507 1229 4566 nerabilibus
1243 4506 1399 4580 episeopis,
1413 4501 1593 4576 attestatis
1603 4500 1656 4557 liei
1670 4497 1794 4556 humilis
1810 4501 1872 4574 epi·

52 4648 55 4653 ,
168 4585 219 4644 Vs
234 4589 414 4647 enimnobis
428 4590 547 4663 erit,qni
561 4592 650 4663 huJ'us
667 4592 822 4651 ministerii
837 4611 912 4652 onus
926 4612 993 4653 sus·
1048 4595 1281 4670 scopus,tidsles
1295 4598 1325 4653 in
1348 4592 1464 4650 Christo
1493 4590 1639 4648 orationes
1667 4604 1736 4647 cnm
1763 4588 1870 4648 devoto

170 4675 316 4749 cepimus,
326 4678 352 4734 si
366 4679 518 4738 veritatem
533 4680 691 4753 predicare
705 4683 930 4756 neglexerimus,
944 4688 995 4742 Voe
1048 4683 1203 4743 famulatu.

170 4763 255 4857 nobis
270 4766 335 4836 erit,
352 4767 378 4825 si
393 4768 511 4826 silentio
523 4769 769 4842 oppresserimus,
784 4788 849 4844 qua
874 4788 994 4846 erogare
1085 4774 1168 4831 Novit
1183 4772 1313 4830 charitas
1330 4774 1438 4838 vestra,
1462 4768 1533 4841 qnia
1561 4767 1654 4824 nostri
1678 4765 1826 4840 principes
1837 4771 1871 4823 et

169 4853 616 4929 nummulariisjubemurtluid
626 4858 761 4915 iniutnro
772 4859 879 4917 dicturi
889 4877 993 4919 sumus
1047 4861 1169 4928 domini,
1185 4860 1390 4934 gloriosissimi
1405 4856 1518 4916 scilicet
1532 4872 1625 4930 reges,
1643 4858 1715 4913 dum
1729 4854 1870 4915 hostilem

169 4941 315 5015 examine,
336 4944 362 5000 si
390 4946 541 5002 veritatem
570 4947 780 5005 contundimur
811 4949 994 5021 predicare?
1046 4965 1078 5006 se
1094 4950 1195 5006 dicunt
1209 4949 1354 5022 suspicari
1369 4948 1525 5020 impetum,
1540 4949 1653 5017 nostra,
1679 4943 1870 5016 scilieetepi-

166 5030 313 5105 negligere
322 5034 400 5090 enim
412 5034 462 5106 qui
473 5039 570 5107 potest
585 5035 742 5093 deturbare
754 5038 992 5109 perversosnihil
1046 5055 1204 5112 sooporum
1219 5042 1321 5097 contra
1335 5037 1396 5096 hae
1423 5039 1558 5109 querunt
1579 5033 1730 5107 suflragia,
1744 5047 1800 5089 nco
1814 5047 1869 5089 nc·

169 5118 250 5177 mind
267 5125 313 5178 est
327 5138 417 5195 quum
434 5123 685 5183 lovereNeccaret
696 5126 833 5198 scrupulo
844 5127 993 5185 societatis
1046 5127 1116 5185 stris
1130 5127 1261 5186 contenti
1285 5123 1557 5200 pollicitationibus,
1584 5138 1639 5181 neo
1664 5122 1701 5178 de
1729 5118 1870 5179 fidelitate

164 5207 299 5279 occultes,
316 5211 367 5283 qni
382 5212 537 5270 manifeste
552 5213 674 5270 facinori
689 5212 797 5271 desinit
811 5215 937 5274 obviare.
1041 5216 1211 5288 juramento
1225 5211 1603 5281 tirmataeontleis,obsides
1613 5209 1736 5283 insuper
1750 5225 1768 5265 a
1781 5208 1870 5267 nobis

199 5296 240 5354 De
254 5301 400 5358 castitatis
412 5302 521 5359 etenim
532 5303 727 5372 bono,Iratres
743 5304 990 5375 mei,jamdudum
1045 5322 1097 5378 pro
1112 5322 1146 5363 eo
1161 5303 1293 5376 aooipere
1308 5306 1341 5361 ut
1364 5318 1460 5376 nuper
1486 5298 1612 5358 audietis
1636 5298 1756 5357 omnino
1783 5297 1870 5355 labes

161 5384 361 5460 vobisaliqna
384 5391 478 5448 verbis
508 5392 711 5448 intimavimus
736 5393 892 5464 ;quedsm
922 5411 990 5452 vero
1045 5397 1120 5450 rent.
1137 5393 1210 5460 Quid
1226 5397 1328 5449 vestra
1343 5390 1492 5448 sanctitati
1507 5404 1595 5463 super
1609 5387 1663 5445 hoo
1691 5385 1866 5447 visumtue·

163 5473 265 5545 criptis
276 5494 432 5551 suggerere
447 5498 505 5538 non
521 5480 726 5539 omisimus.ln
738 5479 988 5554 quibusquadam
1044 5483 1092 5552 rit,
1104 5482 1187 5539 nobis
1203 5498 1346 5557 exponere
1368 5478 1473 5541 vestris
1500 5477 1593 5536 sacris
1620 5474 1764 5550 apicibus,
1791 5475 1865 5550 quie

163 5560 309 5624 incentiva
319 5568 542 5642 descripsimus,
553 5571 677 5643 ejusque
685 5566 869 5628 calamitates
879 5573 988 5646 partim
1042 5570 1132 5635 simul
1146 5587 1225 5633 nuno
1239 5575 1307 5646 epte
1320 5569 1401 5644 uani
1415 5584 1473 5631 ceu
1503 5582 1672 5641 possumus·
1682 5581 1743 5627 Μ
1754 5563 1861 5647 affl·
