3908 6096
109 279 148 343 29
167 319 169 323 ’
830 280 1091 349 CAPITULARE.
1774 273 1816 338 ³0

110 414 191 487 plum
206 413 280 472 bene
289 415 405 474 vivendi
421 419 593 492 prebentes,
618 419 665 478 his
680 420 786 491 quibus
806 415 936 492 precatis
951 420 977 486 Α
991 415 1141 473 beatitudo
1152 411 1815 488 acquiritur.llisarmisvitiacomprimuntur·

109 506 248 561 ducatum
263 507 299 562 ad
315 508 443 566 coelestis
458 526 546 582 regna
560 510 722 582 prebeatis.
987 505 1037 562 His
1054 505 1201 562 alimentis
1217 506 1338 561 virtutes
1354 503 1536 561 nutriuntur.

108 612 174 669 Gsr.
193 615 242 671 111.
255 646 289 656 -
300 617 338 673 uo
349 619 505 688 ignorantie
525 619 670 747 Ξιὲἰιαηόα,
691 623 717 674 et
736 619 863 676 doctrino
878 633 933 674 rer·
987 614 1055 670 Car.
1067 613 1127 669 Vll.
1139 644 1173 654 -
1184 613 1518 739 Quodrccerdpsbmrpsom
1544 611 1619 668 solus
1639 627 1814 684 nequaquem

470 707 522 744 oon
563 732 569 744 .
1335 701 1390 740 ceo
1408 701 1462 739 re.

145 775 262 846 (donet.
280 776 360 833 Τοῖά.
378 794 415 843 1v,
432 795 456 833 c.
472 780 518 850 24)
543 780 712 851 Ignorantia
732 784 826 835 mater
841 796 931 835 cuno·
1023 775 1115 845 (Idem
1131 765 1284 831 Theoduli.
1302 790 1354 846 cap
1368 774 1408 845 7.)
1424 773 1564 828 Sacerdos
1581 772 1663 828 solus
1690 771 1813 827 missam

26 875 32 886 ’
110 868 209 919 torum
225 882 353 928 errorum
370 866 494 922 Maxime
517 870 717 925 sacerdotibus
742 869 792 924 Dei
815 869 933 925 vitanda
988 881 1175 938 nequaquam
1192 863 1329 933 celebret,
1347 863 1416 933 quie
1431 863 1508 916 sicut
1524 860 1573 916 illa
1595 860 1736 917 celebrari
1752 877 1811 916 non

110 956 231 1024 cst,qui
248 953 367 1009 docendi
383 956 513 1011 officium
529 957 558 1011 in
585 958 701 1030 populis
728 962 932 1028 susceperunt.
988 960 1083 1028 potest
1098 958 1161 1008 siue
1177 951 1352 1009 salutatione
1368 951 1537 1016 sacerdotis,
1556 951 1745 1022 responsione
1757 948 1814 1021 ple·

111 1042 935 1118 SacerdotescnimlegeresanetasScripturasfrequenter
990 1044 1044 1109 bis,
1061 1042 1261 1098 admonitione
1277 1040 1448 1105 sacerdotis,
1465 1038 1654 1111 responsione
1666 1038 1814 1095 nihilomi-

111 1131 250 1186 admonet
264 1131 432 1201 Apostolus,
445 1133 544 1188 dicens
556 1135 589 1189 ad
604 1135 789 1189 Timotheum
803 1152 810 1188 z
822 1135 936 1189 dicende
990 1151 1045 1189 nus
1061 1133 1172 1205 plebis;
1189 1133 1228 1186 ita
1242 1131 1382 1184 nimirum
1398 1145 1584 1201 nequaquam
1601 1129 1637 1183 ab
1655 1145 1711 1183 uno
1727 1130 1813 1185 dehet

111 1219 230 1286 lectioni,
246 1219 618 1280 exhortatiooietdoctrinae.
632 1223 933 1295 Semperpermenelrr'a
989 1222 1138 1278 celebrari.
1157 1220 1319 1276 Essoenim
1348 1218 1455 1274 debent
1483 1217 1532 1289 qui
1560 1218 1585 1272 ei
1607 1217 1812 1289 circumstant,

110 1309 134 1380 (1
152 1309 218 1364 lim.
236 1325 273 1375 iv,
290 1309 344 1381 13).
358 1310 457 1367 Sciant
471 1311 561 1384 igitur
585 1312 751 1368 sacerdotes
767 1311 935 1384 Scripturas
990 1328 1063 1384 quos
1080 1311 1128 1367 ille
1143 1310 1260 1373 salutet,
1278 1327 1294 1365 a
1309 1308 1417 1375 ouibus
1442 1306 1467 1361 ei
1494 1306 1713 1376 respondeatur,
1728 1312 1756 1362 et
1777 1307 1813 1364 ad

110 1402 138 1453 el
154 1413 290 1467 canones,
307 1403 336 1454 ct
351 1416 437 1455 omne
453 1417 526 1472 opus
541 1418 641 1457 eorum
658 1401 688 1456 in
704 1399 892 1474 praedictione
907 1403 936 1457 et
991 1401 1163 1456 memoriam
1179 1399 1222 1454 illi
1239 1397 1437 1454 reducendum
1453 1399 1498 1451 est
1512 1392 1583 1450 illud
1608 1395 1812 1452 comininum:

111 1486 937 1562 doctrinseonsistat,atqueedilioentcunetostsmfidei,
992 1491 1149 1561 Ubicunque
1161 1490 1271 1560 [uertat
1290 1488 1360 1558 ldae,
1389 1488 1432 1542 vet
1459 1490 1513 1542 tres
1540 1487 1744 1558 conprepetr'io
1764 1501 1813 1544 no·

113 1575 236 1632 scientia
249 1593 339 1648 quam
355 1594 478 1650 operum
494 1579 658 1653 disciplina.
990 1581 1066 1636 mine
1082 1593 1150 1647 mee,
1166 1587 1192 1635 et
1204 1594 1251 1651 epo
1264 1580 1293 1634 in
1304 1580 1393 1636 mdis
1420 1596 1515 1636 eorum
1538 1596 1600 1635 sum
1622 1574 1726 1652 (llaltli.
1742 1590 1814 1632 mu

110 1682 180 1738 Csr.
199 1682 245 1738 lV.
263 1713 298 1725 -
312 1687 343 1742 llt
370 1702 461 1743 omnes
488 1686 571 1758 tidem
587 1687 751 1744 catholicum
779 1687 937 1744 memoriter
990 1669 1047 1741 ²⁰l·

190 1843 196 1854 .
330 1843 336 1855 .
465 1760 597 1860 mni,
953 1777 1058 1871 BGsr.
1075 1776 1149 1860 Vlll.
1165 1777 1426 1860 -Quodoocerdor
1442 1778 1542 1832 missus
1566 1776 1624 1832 orii
1644 1773 1813 1830 sacrarent

151 1842 248 1900 Primo
257 1844 482 1902 omniumiidem
492 1846 665 1904 catholicam
677 1847 733 1919 (17)
744 1864 846 1905 ornnes
857 1863 939 1920 pres·
1064 1850 1199 1921 Epncopo
1215 1849 1280 1904 locro
1294 1865 1350 1905 noer
1361 1857 1511 1921 praesumot
1523 1847 1662 1904 celemore
1676 1845 1742 1917 (18).

114 1931 207 2004 byteri
218 1936 247 1987 et
257 1932 436 2001 diaconi,seu
447 1936 617 1992 subdiaconi
631 1936 799 1994 memoriter
808 1940 937 1993 teneant.
1028 1938 1081 1993 Hie
1095 1937 1125 1992 in
1142 1938 1274 1993 Romana
1288 1939 1398 2010 synodo
1413 1938 1605 1993 constitutum
1624 1938 1669 1991 est
1681 1933 1813 1991 omnium

118 2019 155 2076 Ut
168 2020 193 2076 ei
209 2022 276 2098 quis
291 2020 940 2099 hociaciendumpretermittst,quadraginta
994 2043 1061 2082 cum
1077 2043 1222 2082 consensu
1238 2027 1352 2098 synodi,
1369 2032 1402 2082 nt
1417 2026 1517 2082 nullus
1533 2025 1683 2097 presbyter
1707 2022 1814 2078 missas
1856 2026 1863 2049 ²

119 2109 222 2167 diebus
237 2127 254 2166 a
268 2111 334 2167 vino
350 2129 382 2168 se
396 2112 552 2170 abstineat.
568 2115 603 2170 ut
618 2114 642 2170 si
659 2119 723 2185 post
731 2115 939 2171 abstinentiam
994 2117 1052 2172 nisi
1068 2116 1189 2172 sacratis
1205 2115 1240 2171 ab
1256 2115 1391 2187 episcopo
1403 2113 1474 2171 loeis
1486 2112 1631 2170 celebrare
1643 2115 1814 2183 prasumat,

118 2198 287 2272 neglexerit,
303 2201 560 2259 condemnandum
590 2203 744 2276 dupliciter
767 2205 797 2260 in
823 2221 937 2260 cosen-
994 2207 1044 2277 qui
1059 2205 1204 2277 particeps
1219 2206 1254 2260 de
1269 2209 1372 2259 cetero
1401 2203 1446 2259 sui
1474 2202 1599 2259 voluerit
1627 2216 1692 2257 esse
1718 2214 1814 2255 sacer·

118 2291 219 2346 tentia.
994 2294 1076 2350 dolii.

114 2396 182 2452 Cer.
195 2395 229 2451 V.
246 2426 281 2438 -
296 2402 336 2453 De
350 2414 385 2454 ne
403 2398 516 2470 lieentia
541 2400 671 2470 roomo,
701 2401 808 2469 iustitia
830 2400 935 2472 ample·
1064 2400 1131 2458 Car.
1145 2401 1191 2457 lX.
1215 2431 1250 2441 —
1265 2400 1341 2469 Quod
1355 2399 1454 2454 divino
1468 2398 1601 2470 mysterio
1624 2396 1743 2453 studiose

315 2415 423 2538 creneio,
440 2475 466 2527 et
484 2475 541 2526 vr'te
555 2472 736 2528 emendenda.
1311 2470 1496 2528 celebrentur.

151 2555 242 2613 Nemo
256 2555 428 2614 clericorum
445 2559 520 2615 ultra
536 2560 596 2616 bec
612 2578 676 2634 que
696 2562 783 2633 jussa
797 2565 866 2617 sunt
881 2560 940 2618 dis·
1029 2558 1193 2634 (Theoduli.
1212 2576 1275 2632 cap.
1300 2561 1340 2630 5.)
1365 2562 1395 2616 ln
1421 2557 1584 2626 sacrificiis,
1615 2554 1814 2622 dilectissimi,

116 2644 245 2715 simulet,
258 2651 308 2703 sut
317 2646 742 2722 ullatenusnegligersaudeat,
752 2651 803 2707 sed
815 2650 940 2706 libenter
994 2655 1060 2706 ante
1071 2651 1170 2705 omnia
1179 2649 1335 2721 diligenter
1345 2650 1523 2718 observetur,
1536 2652 1569 2703 ut
1579 2647 1663 2719 panis
1675 2651 1703 2701 et
1712 2645 1813 2698 vinum

116 2735 239 2807 expleat,
256 2738 939 2813 etsacramentadivinanequaquamnegligen·
993 2743 1123 2812 stoque,
1147 2739 1211 2794 sine
1237 2738 1345 2809 quibus
1373 2738 1469 2793 missae
1498 2740 1647 2808 nequeunt
1662 2730 1813 2796 celebrari,

116 2829 162 2881 tsr
172 2830 341 2882 contrectet.
357 2827 425 2883 ldso
435 2832 495 2882 tam
502 2823 626 2899 juvenes
637 2845 725 2900 quam
737 2845 823 2885 senes
833 2829 869 2885 de
880 2829 938 2898 bis,
995 2827 1190 2884 mundissime
1213 2831 1302 2899 atque
1325 2825 1542 2882 studiosissime
1570 2828 1742 2879 tractentur.
1779 2820 1814 2877 lit

117 2913 196 2969 etde
211 2915 291 2970 omni
315 2916 504 2972 conversione
528 2933 593 2982 sus,
617 2933 652 2972 ao
676 2917 940 2975 conversationest
994 2916 1067 2973 nihil
1095 2916 1125 2971 in
1155 2916 1201 2973 his
1227 2915 1294 2982 vile,
1322 2914 1395 2971 nibil
1424 2932 1481 2971 non
1511 2914 1665 2987 probatum
1685 2910 1815 2968 invenia-

115 3003 937 3079 poenilentiavsldeessesollicitos,satisqueageioopor·
994 3012 1051 3076 tur,
1060 3008 1147 3076 juxta
1161 3004 1232 3062 illud
1248 3005 1325 3076 quod
1343 3004 1383 3060 ait
1397 3004 1565 3076 Scriptura:
1597 3001 1637 3058 Sit
1665 3001 1817 3058 timorllo·

115 3095 167 3157 tet,
184 3096 217 3146 nt
230 3090 290 3147 heac
304 3093 448 3166 condigne
471 3099 572 3165 agant,
597 3098 626 3149 et
648 3094 683 3149 ds
708 3094 820 3167 reliquo
836 3099 941 3152 ornent
993 3097 1066 3151 mini
1078 3094 1463 3164 nobiscum:eumdilr'oerrtio
1476 3095 1575 3149 caneto
1592 3093 1677 3164 scelte
1701 3091 1735 3159 (ll
1749 3091 1816 3146 Pur.

114 3185 177 3236 tam
192 3180 288 3237 cleriei
301 3197 391 3253 quam
402 3180 566 3248 saculares,
578 3181 692 3238 animas
708 3199 777 3238 suas
788 3199 942 3238 ornamen·
955 3173 977 3241 G
995 3201 1056 3249 xm,
1068 3184 1107 3255 7).

113 3269 154 3325 tis
165 3268 361 3342 dignissimis,
373 3269 561 3341 dogmatibus
570 3268 681 3326 scilieet
688 3271 829 3339 veritatis,
838 3272 942 3329 decore
1195 3272 1262 3328 Cer.
1277 3270 1310 3327 X.
1327 3301 1361 3312 -
1375 3271 1441 3326 ltem
1454 3285 1489 3326 ee
1501 3269 1613 3325 eisdem.

113 3356 276 3430 pudicitia,
308 3356 463 3429 splendore
496 3358 630 3429 justitie,
660 3360 785 3415 candore
813 3359 940 3432 pietatis,
1031 3364 1142 3434 Corpus
1156 3361 1272 3417 Domini
1285 3360 1365 3416 nullo
1390 3360 1477 3415 modo
1498 3360 1683 3414 consecretur
1711 3355 1819 3412 nisiex

115 3444 242 3516 aliisque
254 3444 514 3517 omnibus,quibus
525 3451 671 3519 comptam
684 3448 840 3504 denotasse
851 3448 941 3505 ratio·
995 3450 1109 3524 integra
1124 3449 1382 3521 oblatione.Neque
1393 3448 1471 3504 enim
1483 3444 1676 3503 Dominnssui
1687 3444 1819 3517 eorporis

117 3533 245 3590 nabilem
257 3534 941 3607 mentem.Tumpreteresdeclinareaoonsor·
996 3540 1125 3614 aliquam
1146 3539 1288 3596 sustinuit
1312 3537 1549 3602 diminutionem,
1579 3536 1657 3592 sicut
1675 3535 1819 3607 scriptum

117 3622 168 3679 tiis
187 3621 361 3692 inhonestis,
379 3627 408 3679 et
423 3623 601 3695 infidelibus,
618 3626 824 3682 etsociotslem
835 3626 943 3684 habers
996 3633 1061 3685 est:
1077 3629 1129 3684 Nec
1142 3628 1222 3684 dolis
1236 3631 1361 3683 sommam
1385 3635 1466 3683 taam
1493 3626 1588 3681 orders
1615 3625 1821 3696 semeptiorrem

120 3712 937 3788 fidelium,atqueillosfrequentarecooventus‚inqui·
997 3719 1085 3791 (Prot.
1102 3734 1147 3784 xv,
1163 3717 1220 3789 21).
1237 3718 1271 3772 lit
1284 3715 1355 3772 alibi
1384 3716 1418 3774 Os
1444 3731 1500 3771 aon
1527 3714 1769 3770 comminuetisec
1789 3726 1821 3770 eo

120 3803 175 3858 bus
190 3802 226 3858 de
242 3801 392 3873 pudicitia,
407 3803 443 3858 de
454 3802 584 3873 justitia,
598 3804 634 3858 de
659 3804 767 3876 pietate
786 3809 938 3861 tractatur.
997 3809 1086 3876 (loon.
1103 3823 1148 3868 xv,
1164 3807 1220 3872 36).
1234 3806 1329 3861 Missa
1345 3804 1433 3860 etiam
1449 3803 1504 3860 nisi
1521 3802 1660 3874 ajsjunis
1683 3800 1819 3858 sacerdo·

120 3891 208 3947 Orare
223 3907 339 3963 semper
354 3895 488 3947 Deumex
501 3893 665 3958 totocorde,
677 3897 705 3948 et
719 3894 755 3950 ab
771 3893 836 3965 ipso
847 3898 944 3967 petere
998 3895 1078 3950 tibus
1094 3911 1151 3951 non
1166 3894 1360 3950 celebrentur.

121 3995 184 4051 quae
200 3981 290 4049 decet,
307 3980 364 4053 ipsi
379 3979 488 4052 gratias
502 3995 597 4052 agere,
613 3986 641 4037 et
664 3997 762 4036 veram
785 3981 942 4053 poenitudi·
1043 3982 1111 4038 Car.
1129 3983 1172 4038 lll.
1189 4013 1221 4024 -
1239 3985 1270 4039 llt
1283 3985 1397 4052 feminee
1410 3980 1446 4035 od
1460 3982 1548 4036 altore
1561 3996 1617 4036 noo
1631 3979 1773 4035 accederat.

120 4083 188 4123 nem
205 4068 418 4140 praeteritorum
433 4075 594 4141 gestorum.
605 4069 942 4142 Aliquantulumetiam,
1034 4070 1198 4143 (Theodull.
1215 4085 1279 4142 cap.
1307 4068 1348 4140 6.)
1374 4069 1498 4124 Femine
1525 4068 1646 4123 missam
1673 4066 1822 4121 sacerdote

119 4157 145 4213 si
161 4157 300 4228 possibile
308 4163 363 4224 est,
371 4157 661 4231 permiserioordiam
670 4159 944 4232 pauperumjuvars
1000 4158 1163 4217 celebrante
1178 4173 1365 4230 nequaquam
1376 4158 1412 4212 ad
1424 4156 1514 4214 altars
1525 4157 1674 4223 accedant,
1686 4154 1737 4210 sed
1750 4152 1823 4210 locis

119 4246 335 4319 poenitentiam.
1000 4251 1062 4306 suis
1077 4251 1167 4320 stent,
1183 4252 1212 4303 et
1234 4246 1275 4303 ibi
1300 4247 1435 4303 saeerdos
1457 4262 1558 4302 esrum
1587 4243 1750 4301 oblationes
1764 4242 1822 4300 Deo

119 4355 188 4411 Car.
218 4353 267 4409 Vl.
296 4385 330 4396 -
373 4354 477 4421 Quibus
518 4354 604 4408 omnir
644 4352 784 4419 diabolus,
813 4357 840 4410 et
877 4354 947 4411 vitia
1001 4336 1300 4409 oblaturusaceipiat.
1317 4337 1459 4392 Memores
1488 4350 1552 4391 ease
1580 4335 1688 4390 debent
1707 4332 1822 4389 lemine

432 4427 632 4496 expugnentur.
1001 4427 1184 4482 infirmitatis
1199 4443 1270 4496 suae,
1282 4429 1310 4480 et
1324 4441 1412 4481 sexus
1427 4423 1647 4480 imbecillitatis.
1663 4423 1698 4478 Et
1713 4421 1822 4477 idcirco

157 4513 324 4586 (Theodull.
352 4530 416 4585 cap.
444 4513 483 4585 2).
513 4513 632 4585 Oportet
657 4530 709 4569 vos
742 4513 945 4569 assiduitatem
962 4541 985 4607 D
1002 4510 1824 4587 quenlibetsanctainministeriodivinocontingersper

122 4603 231 4660 habere
246 4603 372 4676 legendi,
385 4602 597 4659 etinstantiam
613 4603 726 4658 orandi.
742 4602 946 4668 Quievitaviri
1001 4605 1165 4660 timescant.
1175 4603 1336 4667 Queetiam
1346 4600 1412 4657 laici
1427 4602 1480 4655 viri
1492 4601 1698 4674 pertimescere
1708 4600 1825 4666 debent,

118 4694 193 4765 justi
209 4693 518 4763 lectionessinstruitun
535 4692 665 4748 oratione
679 4696 810 4762 ornatur,
826 4697 854 4748 et
874 4692 949 4749 assi·
1003 4693 1115 4749 neOzse
1133 4709 1248 4765 posnam
1265 4689 1478 4762 subeuntem,
1494 4690 1564 4745 dum
1593 4692 1693 4745 lrcam
1709 4688 1825 4744 Domini
1853 4697 1857 4704 ’

123 4782 236 4839 duitate
249 4781 385 4838 lectionis
410 4780 543 4838 munitur
567 4780 655 4837 homo
679 4797 697 4836 a
722 4786 848 4853 peccato.
863 4782 949 4852 juxta
1002 4782 1230 4839 extraordinarie
1251 4780 1422 4853 contingere
1444 4779 1545 4844 voluit,
1570 4779 1692 4834 Domino
1723 4793 1824 4850 pereu-

123 4871 207 4928 illum
222 4872 273 4945 qui
288 4871 418 4927 dicebat:
436 4875 470 4927 lrr
497 4869 578 4926 corde
605 4886 664 4927 meo
691 4870 821 4925 abscondi
839 4871 949 4945 eloquio
1003 4872 1094 4928 tiente
1109 4870 1221 4927 interiit
1234 4871 1271 4943 (ll
1284 4873 1338 4940 ltep
1365 4870 1416 4942 vr).

121 4966 180 5031 tao,
195 4967 226 5018 ut
240 4977 295 5018 noo
308 4977 414 5033 peccem
430 4961 481 5016 tr'lri
495 4960 580 5031 (Ptol.
598 4976 696 5026 carru,
712 4961 767 5031 11).
797 4959 863 5014 ileo
877 4965 949 5017 sunt
1003 4975 1144 5035 mm
1158 4975 1292 5035 ..Luget
1304 4979 1549 5046 pmipaexaacram
1574 4992 1652 5044 vasa,
1674 4975 1717 5030 oet
1731 4972 1825 5046 pallas

122 5051 202 5106 enim
213 5067 305 5121 arma,
317 5049 451 5106 videlicet
461 5049 546 5106 lectio
557 5049 698 5116 storatio,
716 5049 825 5121 quibus
845 5049 949 5105 diabu'·
1009 5065 1014 5108 :
1035 5072 1065 5110 ,ι
1079 5071 1105 5085 ··
1125 5072 1166 5112 ;.ν
1181 5074 1190 5112 f:
1200 5099 1221 5116 ,.
1235 5080 1250 5117 3,
1284 5066 1345 5113 stoa
1366 5052 1540 5122 coruscent.

122 5137 949 5213 luaexpugnatur.llaecsuntiustrumenlsquibusaterna
1041 5140 1175 5197 Sacratae
1190 5139 1247 5212 (19)
1263 5144 1320 5194 Deo
1335 5136 1470 5207 seminas,
1484 5136 1529 5192 vel
1544 5133 1703 5192 monachas
1713 5135 1827 5190 saorsts

160 5338 216 5410 (ll)
227 5336 320 5393 sidem
343 5333 520 5392 catholicum.
547 5331 689 5389 seherias
700 5334 763 5404 jam
779 5327 946 5389 maduit'ds
999 5327 1073 5408 eripi
1083 5336 1181 5393 Nullus
1194 5328 1346 5406 presbyter.
1362 5326 1543 5393 lle'consccr.
1560 5331 1629 5386 diet.
1646 5332 1671 5386 l.

122 5409 261 5482 Symbola
276 5403 665 5475 Athanasiihioagi.lnline
675 5403 949 5478 presententiolego
1039 5408 1098 5479 (19)
1114 5408 1224 5463 Soteris
1240 5424 1304 5479 qna
1320 5407 1412 5462 lertur
1438 5405 1523 5475 epist.
1552 5405 1579 5455 2.
1611 5403 1708 5476 episoo
1732 5445 1739 5458 .
1759 5402 1823 5459 Ital.

124 5484 204 5537 reiut.
909 5522 913 5529 .
1003 5479 1103 5535 Exstat
1118 5481 1187 5543 dist,
1212 5480 1257 5544 23,
1282 5495 1345 5550 cap.
1376 5477 1512 5532 sacratos.
1538 5474 1572 5530 lit
1587 5476 1664 5545 apud
1720 5490 1822 5532 vocem

160 5551 218 5624 (18)
234 5551 337 5609 emet.
352 5550 429 5606 Rom.
445 5547 500 5605 sub
515 5545 661 5620 Sylvsstro
676 5545 705 5601 in
721 5546 799 5620 epila
816 5548 951 5604 Refertur
1003 5553 1118 5610 carnot.
1134 5551 1245 5608 Deorst.
1263 5567 1292 5622 p.
1309 5567 1339 5604 11.
1356 5563 1381 5603 o.
1397 5549 1433 5602 72
1447 5552 1477 5602 st
1492 5563 1520 5618 p.
1537 5563 1578 5617 ιιι,
1593 5564 1657 5620 cap.
1673 5547 1738 5614 2s5,

143 5626 202 5694 pud
214 5623 345 5682 anselm.
362 5620 429 5680 libr.
444 5636 496 5693 vn,
512 5635 536 5676 o.
554 5618 605 5676 137
620 5621 649 5675 st
663 5617 714 5674 138
728 5623 758 5676 et
772 5620 849 5693 apud
865 5620 946 5677 Grai.
