3908 6096
116 282 177 347 sle
771 272 974 339 abacelam
995 273 1171 340 sslsceel
1777 272 1833 335 eat

120 414 196 483 Quid
210 413 311 481 hahes,
323 410 401 484 quod
416 409 511 468 tristis
523 410 577 469 est
591 410 626 467 ut
637 410 766 468 narravit
773 410 799 466 ei
811 409 881 482 quia
889 413 947 466 tres
961 409 988 475 Α
1057 413 1122 465 Car.
1140 410 1186 465 lV.
1203 441 1237 451 -
1250 411 1287 466 De
1301 408 1470 466 continentia
1483 416 1511 464 et
1526 406 1587 481 ejas
1605 402 1784 463 diuersitate.

121 506 200 563 illios
213 503 334 559 haberet
349 502 380 558 in
395 502 521 566 civitate,
538 506 566 557 et
580 501 666 557 vellet
681 516 730 556 eos
752 500 896 556 adducere
910 498 947 554 ad
1040 500 1095 555 Sed
1108 499 1171 570 jam
1189 503 1305 572 tempus
1320 504 1365 555 est
1379 505 1413 554 ut
1428 502 1493 571 post
1507 497 1597 553 trium
1622 496 1775 551 virtutum
1791 496 1834 552 do·

122 596 185 667 ejus
201 591 422 649 monasterium.
440 592 583 664 Praecepit
596 594 694 647 autem
711 590 802 646 abhas
814 594 846 645 ut
859 589 949 645 addu-
1002 588 1128 644 utrinam
1144 587 1300 662 vigilanter
1314 587 1459 654 attendas,
1470 590 1583 659 quanta
1591 585 1630 642 sit
1639 585 1741 641 virtus
1751 585 1835 640 conti·

123 686 201 741 earet
215 698 275 739 eos.
287 681 341 747 Qui
356 697 423 737 eum
439 680 619 754 pervenisset
629 680 665 736 ed
677 677 949 748 civitatem,invenit
1003 678 1128 750 mentia,
1144 681 1172 733 et
1186 678 1264 749 quod
1281 676 1458 732 continentia
1473 692 1529 732 non
1546 675 1648 732 solum
1674 673 1708 729 in
1733 674 1797 729 cibo
1809 678 1835 729 et

121 788 157 830 ex
171 771 208 828 iis
223 772 298 827 duos
309 772 373 843 jam
390 770 824 837 luissedelunctos‚unumvero
835 766 948 824 solum·
1003 770 1085 840 potu,
1096 768 1146 823 sed
1163 766 1249 822 etiam
1266 766 1295 821 in
1311 765 1457 822 locutione
1468 771 1497 821 et
1507 764 1535 819 in
1547 780 1657 819 somno
1674 779 1711 818 ac
1722 763 1833 818 vestitu.

121 861 209 918 modo
224 860 413 917 remansisse.
429 860 520 924 Quem
536 875 691 916 assumens
706 859 789 913 duxit
799 857 834 913 ad
847 873 949 912 mona·
1003 861 1031 912 et
1045 855 1311 912 innumerabilibus
1323 855 1361 912 sit
1372 855 1479 910 causis.
1493 854 1650 909 admoneo
1668 868 1742 925 ergo
1752 852 1833 907 dilec-

124 950 248 1008 sterium
262 966 268 1017 ;
285 952 314 1005 et
328 949 481 1022 requirens
496 948 641 1020 abbatem,
668 964 727 1003 non
756 963 823 1002 eum
839 946 949 1002 invenit
1002 946 1202 1001 tionemtuam
1213 949 1246 1001 ut
1258 961 1316 1000 non
1328 943 1467 1000 delicatos
1478 943 1558 999 cibos
1569 957 1763 1014 quaerasmee
1774 945 1851 997 anta·

122 1038 192 1095 illic.
205 1037 398 1111 Interrogavit
412 1043 510 1093 autem
522 1037 626 1092 iratres
638 1036 688 1091 uhi
699 1040 776 1091 esset
789 1036 880 1091 abbas
890 1035 903 1090 ‘t
913 1035 948 1090 ut
1002 1035 1104 1092 boram
1116 1051 1276 1108 congruam
1287 1033 1440 1089 comedere
1450 1031 1531 1100 velis,
1543 1048 1598 1087 nec
1607 1031 1698 1087 dieas
1712 1030 1743 1085 in
1755 1031 1834 1086 eorde

122 1127 165 1184 illi
181 1127 402 1200 dixeruntquod
416 1128 450 1183 ad
464 1127 622 1200 pistrinum
633 1124 872 1199 perrexissetlllc
882 1141 948 1181 vero
1001 1128 1070 1180 tuo:
1086 1128 1156 1180 Ecce
1171 1123 1244 1188 alia,
1261 1123 1302 1178 ita
1317 1121 1360 1178 vel
1376 1122 1417 1176 ita
1431 1120 1552 1177 iaciunt.
1577 1120 1661 1177 Scito
1693 1136 1747 1191 pro
1763 1125 1835 1175 certo

123 1215 230 1274 tollens
245 1216 339 1272 illium
355 1233 454 1286 suum,
471 1232 558 1288 quem
576 1215 749 1285 adduxerat,
765 1214 837 1270 abiit
852 1214 886 1269 ad
904 1213 947 1286 pi·
1002 1214 1079 1285 quod
1096 1213 1313 1284 unnsquisque,
1327 1227 1385 1284 quo
1400 1211 1430 1266 in
1446 1210 1500 1267 hac
1513 1210 1573 1266 vita
1588 1209 1661 1283 plus
1677 1210 1708 1265 in
1720 1209 1773 1265 Dei
1784 1226 1836 1265 ser

124 1305 251 1363 strinum
265 1321 272 1361 t
288 1309 317 1361 et
331 1305 433 1361 videns
444 1321 511 1360 eum
523 1304 614 1360 abhas
627 1303 789 1359 venientem
800 1302 947 1370 salutavit,
1001 1302 1070 1358 vitio
1080 1301 1299 1368 laboraverit,eo
1314 1301 1454 1372 majorem
1467 1304 1534 1372 post
1544 1303 1705 1356 mortema
1715 1299 1836 1355 Domino

124 1397 153 1452 et
167 1398 270 1451 teneus
284 1393 427 1450 infantem
439 1408 526 1464 quem
538 1391 894 1462 adduxerat‚anrplexatus
904 1395 949 1447 est
1003 1392 1166 1448 mercedem
1183 1390 1314 1462 recipiet.
1331 1389 1372 1446 Ne
1387 1388 1477 1462 igitur
1501 1393 1561 1445 tam
1587 1387 1693 1462 gravis
1707 1387 1837 1444 videatur

124 1499 192 1541 sum
207 1487 237 1540 et
250 1481 457 1539 osculabatur:
473 1485 501 1537 et
515 1481 588 1536 dixit
603 1480 845 1553 petriejus‚amas
855 1479 949 1536 eum?
1002 1479 1187 1536 continentiae
1203 1479 1307 1546 virtus,
1333 1477 1507 1533 miraculum
1527 1478 1575 1534 hio
1590 1477 1740 1545 inseram,
1764 1478 1837 1549 quod

123 1575 159 1628 ut
174 1571 223 1627 ille
237 1569 388 1642 respondit
400 1586 406 1624 :
423 1568 529 1625 Etiam.
545 1569 580 1625 ut
591 1585 694 1625 rursus
705 1569 777 1625 dixit
789 1569 813 1624 ei
826 1587 833 1624 :
845 1568 878 1624 Αἰ
889 1586 949 1626 mo·
1002 1570 1032 1625 in
1048 1568 1206 1641 Tripartita
1218 1567 1339 1623 historia
1351 1566 1418 1640 legi.
1858 1622 1863 1630 ,

123 1660 181 1728 do:
198 1659 297 1732 diligis
311 1658 402 1715 euml
417 1662 445 1714 et
460 1658 627 1730 respondit:
647 1657 749 1714 Dtiam.
764 1660 867 1714 Postea
881 1675 948 1715 vero
1038 1658 1201 1715 Dorotheus
1215 1673 1321 1730 genere
1336 1656 1479 1712 Thebans
1493 1654 1582 1711 talem
1610 1654 1710 1710 vitam
1734 1656 1835 1714 ducere

126 1749 200 1806 dixit
213 1748 320 1806 abbas:
337 1746 418 1804 Tolle
432 1763 512 1820 ergo,
529 1747 552 1803 si
569 1764 651 1804 amas
667 1746 868 1818 eum‚etmitte
880 1764 947 1804 eum
1003 1749 1125 1818 curavit,
1141 1752 1175 1802 ut
1189 1745 1319 1819 quotidie
1334 1744 1445 1818 lapides
1473 1762 1490 1800 a
1518 1744 1592 1801 mari
1624 1744 1792 1818 colligeret,
1810 1753 1837 1803 et

124 1837 155 1894 in
170 1836 319 1893 fornacem
335 1837 431 1905 modo,
443 1837 616 1892 dumardet.
628 1837 663 1892 ut
675 1839 778 1893 tenens
790 1842 951 1908 cumpater
1006 1835 1091 1893 annis
1107 1834 1232 1909 singulis
1247 1833 1407 1907 hospitium
1419 1834 1617 1903 ediliceret,et
1629 1834 1699 1907 ipsa
1710 1833 1836 1907 hospitia

125 1943 198 1984 suus
209 1924 332 1998 jactavit
347 1942 414 1982 eum
429 1926 459 1980 in
489 1925 636 1982 fornacem
663 1926 825 1982 ardentem.
846 1925 950 1982 statim
1006 1927 1096 1983 dabat
1109 1924 1169 1982 illis
1183 1924 1234 1996 qui
1264 1941 1321 1980 non
1348 1922 1496 1979 habehant
1524 1921 1679 1995 hospitia:
1705 1925 1837 1980 noctibus

126 2013 669 2073 autemlaotusestlornaxvelutros.
688 2015 951 2086 Daquaobedien·
1007 2019 1104 2071 autem
1121 2017 1239 2086 propter
1266 2027 1367 2067 corum
1396 2011 1494 2067 cibum
1523 2011 1652 2069 iaciebat
1672 2013 1836 2085 sportellas.

125 2102 472 2178 tiaacquisivitgloriam,
483 2104 733 2177 quemadmodum
742 2103 889 2159 Abraham
901 2121 951 2175 pa·
1007 2103 1058 2159 Cui
1074 2102 1158 2159 cibus
1173 2105 1236 2158 erat
1250 2101 1335 2174 panis
1350 2100 1441 2157 unciae
1459 2117 1519 2172 sex,
1536 2104 1566 2156 et
1580 2098 1700 2158 olerum
1716 2102 1811 2157 minut
1828 2133 1837 2143 ·

125 2193 264 2252 triarcha.
281 2193 341 2249 Hoc
356 2209 423 2266 ergo
440 2193 616 2249 miraculum
631 2193 731 2248 hortor
753 2196 785 2248 ut
805 2192 952 2249 memorie
1007 2190 1350 2257 rumlasoiculusunus‚
1376 2194 1404 2246 et
1418 2190 1453 2246 ad
1485 2189 1650 2246 bibendum
1683 2207 1773 2264 aqua.
1795 2193 1839 2248 Sic

126 2283 228 2340 tradas
242 2285 271 2338 et
281 2281 761 2353 utsemperobedientiaevirtutsm
774 2285 841 2337 ante
852 2281 953 2338 oculos
1008 2285 1190 2354 ajuventute
1205 2296 1260 2337 sua
1275 2280 1387 2346 vivens,
1411 2295 1463 2337 nec
1487 2279 1517 2334 in
1546 2282 1703 2336 senectute
1725 2279 1838 2337 deiecit.

127 2370 248 2441 habeas,
264 2370 333 2445 quia
345 2371 423 2427 sicut
436 2370 485 2427 illo
500 2375 632 2444 tempore
644 2369 724 2426 illius
739 2370 875 2427 monachi
885 2371 952 2426 ohe·
1008 2371 1165 2443 Nunquam
1180 2369 1262 2425 visus
1277 2368 1367 2424 estin
1383 2366 1489 2424 lectulo
1505 2371 1678 2441 soporatus,
1695 2367 1741 2424 vel
1757 2370 1841 2442 pedes

66 2510 74 2528 ,
129 2460 241 2519 dientia
255 2459 394 2517 exstinxit
408 2459 505 2532 ignem
522 2458 658 2528 fornacis,
676 2459 848 2515 sioetmodo
859 2458 954 2515 silue·
1008 2456 1426 2532 prorequietetsndisse,aut
1453 2456 1580 2514 dormire
1610 2457 1841 2530 provoluntate,

130 2550 171 2607 ris
186 2548 336 2618 obediens,
352 2549 418 2619 ipse
431 2548 526 2604 virtus
541 2548 570 2603 in
588 2549 673 2605 corde
687 2552 738 2603 tuo
754 2548 852 2621 ignem
867 2548 953 2604 vitio·
1009 2546 1842 2622 necquandooperandonaturacompressosoculosclau·

131 2635 953 2709 rumexstinguet3etsihicignisvitiorumexstinctus
1008 2640 1076 2695 dere
1106 2637 1259 2710 potuisset,
1289 2636 1330 2691 ita
1360 2651 1435 2708 saeps
1473 2636 1657 2691 comedendo
1689 2637 1840 2708 dormiret,

130 2725 265 2782 fueritin
284 2729 322 2794 te,
350 2739 536 2796 nequaquam
566 2729 632 2795 post
660 2728 781 2781 mortem
812 2725 953 2798 inignem
1008 2727 1092 2784 cibus
1107 2743 1142 2782 ex
1155 2741 1203 2782 ore
1218 2725 1283 2797 ejus
1298 2724 1455 2781 laberetur.
1473 2722 1641 2795 Aliquando
1658 2742 1728 2781 vero
1740 2743 1839 2783 somno

130 2815 290 2871 descendes
304 2817 458 2881 aternum,
473 2814 523 2869 sed
539 2813 574 2868 ad
590 2811 735 2869 caelestem
751 2813 874 2886 gloriam
890 2815 953 2871 sine
1007 2819 1143 2888 gravatus
1154 2814 1247 2882 valde,
1262 2830 1329 2868 crim
1344 2813 1373 2868 in
1396 2817 1522 2870 stercore
1548 2812 1720 2886 cecidisset,
1737 2817 1840 2872 obdor-

127 2904 186 2960 fine
196 2905 374 2960 manentem.
391 2903 465 2975 llrgo
482 2918 549 2958 ama
563 2902 771 2969 obedientiam,
784 2902 873 2975 dilige
888 2903 953 2960 obe·
1007 2905 1100 2961 mivil.
1117 2903 1341 2975 Dapsrgelactus
1357 2906 1455 2958 autem
1480 2907 1509 2958 et
1522 2903 1724 2965 contristatus
1738 2906 1794 2961 sub
1805 2906 1839 2960 si·

127 2990 596 3064 dieutiam,quiamagnavirtus
620 2996 675 3047 est.
704 2990 742 3047 Ut
757 2996 855 3047 autem
872 2990 952 3048 illius
1006 2994 1096 3050 lentio
1121 2992 1212 3048 dixit:
1246 2991 1276 3047 Si
1305 2989 1426 3063 angelus
1464 2991 1590 3046 suaserit
1630 2992 1778 3064 dormire,
1815 2998 1842 3050 et

126 3079 361 3153 magnitudinem
378 3079 474 3136 adhuc
495 3079 622 3136 lucidius
650 3079 807 3154 intelligas,
825 3097 950 3151 sequeus
1007 3082 1080 3140 mihi
1096 3080 1218 3137 ulterius
1233 3097 1292 3136 non
1307 3078 1463 3135 suadebit:
1479 3080 1558 3152 quod
1578 3080 1655 3136 forte
1672 3082 1794 3138 dicebat
1807 3083 1841 3138 ad

125 3168 477 3242 miraculumlrequenter
487 3168 560 3241 lege.
571 3167 712 3226 Dicebant
722 3174 818 3226 eutem
833 3171 948 3243 tratres,
964 3150 987 3218 C
1007 3186 1145 3228 somnum
1157 3173 1208 3227 aut
1218 3170 1253 3226 ed
1265 3171 1438 3237 damonem,
1449 3169 1498 3241 qui
1509 3169 1772 3230 nitebatnrbonos
1782 3175 1843 3244 ejus

126 3259 196 3332 quia
212 3257 340 3314 narravit
356 3257 475 3331 quidam
491 3262 620 3330 patrum,
636 3273 668 3313 se
682 3257 791 3314 vidisse
806 3264 865 3315 tres
876 3259 952 3315 ordi·
1007 3265 1089 3317 actus
1105 3259 1257 3333 impedire.
1275 3258 1349 3314 lluio
1359 3257 1512 3314 laborandi
1527 3258 1654 3330 quidam
1675 3260 1775 3317 dixit:
1790 3262 1845 3318 Cur

126 3364 179 3404 nes
193 3347 224 3403 in
238 3346 319 3419 caulo,
337 3362 462 3419 quorum
479 3346 594 3419 primus
609 3350 671 3402 erat
694 3345 848 3403 hominum
868 3347 953 3403 inllr-
1007 3351 1049 3407 ita
1063 3348 1183 3423 perimis
1198 3364 1305 3421 corpus
1320 3347 1429 3403 tunm?
1442 3347 1495 3403 Cui
1506 3345 1555 3402 ille
1567 3365 1574 3403 :
1585 3347 1843 3424 Quiame,inquit,

126 3441 279 3493 morumet
288 3435 557 3508 gratiasageutium
567 3435 625 3491 Deo
636 3453 642 3503 ;
655 3435 801 3491 secundus
813 3437 954 3493 ordoerat
1007 3439 1080 3494 illud
1096 3437 1211 3494 occidit.
1229 3437 1323 3508 Hujus
1338 3452 1406 3492 vero
1417 3434 1596 3492 sanctissimi
1611 3438 1760 3495 monachi
1776 3455 1842 3496 cou-

126 3523 357 3597 hospitalitatem
375 3523 709 3594 sectantium‚instanter
722 3523 952 3581 ministrantium
1008 3527 1163 3582 tinentiam
1175 3525 1227 3582 tibi
1244 3525 1359 3598 scripsi,
1376 3541 1412 3581 ne
1426 3525 1492 3597 ipsa
1506 3523 1559 3580 tihi
1573 3524 1672 3582 virtus
1686 3526 1790 3599 gravis
1804 3529 1842 3583 vi·

127 3611 474 3680 eis3tertinsordoerat
500 3627 600 3666 eorum
631 3611 681 3683 qui
706 3611 952 3670 adobodiendum
1008 3616 1133 3682 deretur,
1150 3619 1184 3671 ut
1199 3630 1389 3687 cognosceres
1404 3617 1545 3685 quantum
1576 3614 1612 3670 ab
1645 3616 1842 3689 untiquisrel

128 3698 333 3773 spiritualibus
348 3698 481 3772 patribus
496 3714 527 3754 se
542 3698 704 3769 subjiciunt
718 3704 836 3773 propter
849 3706 952 3759 Deum.
1008 3703 1156 3760 modernis
1177 3702 1355 3776 quibusdam
1380 3702 1514 3759 Patribus
1543 3703 1703 3761 distemus.
1723 3706 1842 3763 audivit

127 3788 394 3844 Videbaturautem
405 3787 824 3862 ordoobedientiumtorquem
834 3807 953 3847 auream
1008 3793 1085 3850 enim
1103 3808 1180 3848 nunc
1196 3792 1346 3848 beatitudo
1371 3795 1433 3862 tua,
1458 3792 1536 3864 quod
1567 3793 1738 3851 Dorotheus
1764 3794 1841 3852 omni

127 3876 246 3946 habere,
262 3881 291 3933 et
305 3875 400 3932 multo
416 3874 544 3950 emplius
559 3893 648 3948 quam
665 3876 714 3934 alii
730 3876 850 3951 gloriam
867 3880 954 3938 habe·
1008 3898 1084 3938 anno
1099 3882 1262 3938 edificabat
1277 3879 1395 3951 cellum,
1410 3885 1439 3937 et
1463 3879 1528 3937 aliis
1554 3879 1686 3938 donabat
1700 3901 1708 3952 ;
1732 3884 1841 3940 audisti

126 3968 185 4024 bat.
204 3967 262 4038 Ego
276 3969 373 4021 autem
389 3964 448 4020 dixi
463 3965 489 4019 ei
518 3966 568 4036 qui
598 3965 670 4021 mihi
700 3968 873 4025 ostendebat
893 3969 954 4025 hac
1008 3970 1107 4039 etiam,
1123 3971 1201 4043 quod
1216 3970 1246 4025 in
1262 3969 1335 4026 lecto
1364 3985 1422 4024 non
1448 3969 1579 4040 jacebat,
1607 3973 1636 4026 et
1664 3971 1702 4027 de
1725 3976 1842 4045 penest

127 4055 247 4112 omnia:
263 4053 415 4119 Quomodo
429 4053 484 4110 iste
499 4054 581 4121 ordo,
594 4054 644 4127 qui
660 4054 774 4127 primus
798 4060 843 4112 est
859 4059 955 4130 malo·
1009 4076 1085 4133 aqua
1101 4063 1129 4115 et
1144 4058 1243 4115 herbis
1257 4058 1373 4114 vivebat
1388 4075 1395 4125 ;
1415 4073 1472 4113 non
1489 4057 1554 4114 ideo
1580 4057 1636 4114 hoc
1659 4059 1740 4130 dico,
1768 4066 1800 4117 ut
1812 4068 1842 4116 tu

125 4160 188 4201 rem
204 4160 293 4217 quem
310 4142 359 4199 alii
375 4142 499 4216 gloriam
517 4142 627 4199 habeti
648 4144 684 4199 st
705 4143 754 4201 ille
773 4147 954 4218 respondens
1009 4152 1123 4204 tantum
1139 4148 1241 4214 facias,
1257 4147 1307 4203 sed
1325 4151 1358 4203 ut
1372 4151 1400 4203 te
1415 4145 1564 4214 humilies,
1590 4146 1748 4222 simulque
1769 4149 1842 4206 scias

127 4233 201 4290 dixit
216 4232 299 4300 mihi,
316 4234 393 4305 quod
410 4231 439 4285 hi
469 4231 519 4304 qui
546 4231 775 4304 hospitalitatem
793 4239 953 4307 sectantur,
1009 4253 1097 4309 quam
1114 4253 1251 4309 magnam
1282 4235 1457 4293 abstinentia
1483 4235 1582 4293 Patres
1611 4238 1708 4294 nostri
1733 4238 1843 4295 hahue-

129 4321 293 4378 secundum
308 4320 456 4393 propriam
471 4320 651 4376 voluntatem
667 4321 797 4394 idipsum
822 4325 953 4381 faciunt:
1010 4325 1080 4392 rint,
1097 4329 1125 4380 et
1140 4341 1328 4398 nequaquam
1344 4324 1425 4380 cibos
1437 4324 1714 4395 delicatosquseras‚
1724 4344 1844 4400 praeser-

129 4408 265 4467 similiter
278 4408 329 4481 qui
343 4408 373 4463 in
389 4424 487 4464 eremo
503 4425 534 4464 se
549 4409 683 4480 religant,
699 4410 818 4466 arbitrio
846 4430 898 4468 suo
919 4415 955 4469 de
1009 4415 1061 4469 tim
1075 4431 1142 4469 cum
1159 4414 1189 4469 in
1204 4415 1323 4487 prelato
1339 4414 1412 4470 libro
1426 4414 1462 4469 de
1476 4413 1575 4487 Moyse
1599 4415 1750 4473 monacho
1771 4418 1842 4474 scri·

130 4497 236 4556 seculo
252 4501 454 4565 recesserunt;
471 4496 519 4552 hic
535 4501 633 4553 eutem
649 4499 699 4569 qui
715 4514 746 4576 se
767 4500 803 4555 ad
819 4501 954 4558 obedien·
971 4523 993 4588 ὓ
1009 4509 1092 4576 ptum
1108 4502 1156 4569 sit,
1172 4503 1250 4575 quod
1266 4519 1317 4576 per
1331 4503 1440 4558 multos
1455 4519 1549 4558 annos
1576 4519 1687 4576 panem
1705 4509 1842 4563 tantum·

130 4587 203 4644 tiam
219 4588 310 4660 dedit,
320 4603 423 4644 omnes
433 4586 598 4643 voluntates
609 4603 678 4643 suas
689 4588 839 4660 abjiciens,
850 4592 957 4662 pendet
1011 4591 1097 4647 modo
1112 4590 1281 4663 comederit,
1297 4596 1326 4646 et
1337 4591 1463 4647 multum
1475 4608 1549 4665 opus
1560 4591 1728 4662 lecerit‚sex
1743 4600 1842 4653 autem

130 4675 166 4732 ad
179 4676 521 4750 DeumetadJussionem
531 4675 695 4748 spiritualis
704 4678 796 4748 patris
808 4695 815 4747 ;
828 4684 956 4752 propter-
1010 4681 1094 4736 annis
1106 4696 1158 4753 per
1171 4684 1262 4736 totam
1280 4685 1395 4736 noctem
1407 4684 1489 4738 stans
1501 4681 1704 4754 crucibusque
1715 4685 1842 4757 genibus

130 4781 164 4822 ea
178 4764 317 4835 majorem
330 4764 454 4838 gloriam
477 4765 574 4822 habet.
600 4767 790 4839 Quapropter,
819 4784 835 4821 o
851 4773 954 4837 mater,
1010 4768 1170 4837 inclinetis,
1187 4784 1281 4840 neque
1295 4769 1388 4825 oculis
1405 4770 1433 4824 in
1449 4786 1585 4826 somnum
1601 4775 1707 4843 sponte
1719 4772 1841 4831 clausis.

129 4855 207 4911 bona
221 4857 266 4909 est
280 4853 443 4910 obedientia
458 4870 522 4926 qua
537 4858 654 4926 propter
669 4855 761 4910 Deum
777 4856 819 4911 ut.
836 4857 956 4916 Intende
1010 4859 1132 4930 Insuper
1147 4857 1234 4913 etiam
1252 4862 1456 4930 pernoctanter
1471 4858 1615 4915 invisebat
1630 4859 1760 4920 cellulas
1782 4880 1842 4920 mo·

129 4959 209 5018 ergo,
227 4945 330 5009 mater,
345 4941 461 4998 virtutis
474 4942 565 5013 hujus
581 4942 697 5016 aliquod
714 4961 748 5000 ex
770 4951 851 5016 parte
865 4948 955 5004 vesti·
1010 4946 1182 5012 nechoram,
1199 4952 1228 5001 et
1244 4946 1362 5019 lagenas
1377 4945 1561 5018 singulorum
1573 4962 1650 5020 aqua
1661 4950 1841 5024 complebat,

128 5034 221 5106 glum.
238 5030 410 5088 Obsdientie
426 5030 507 5087 selus
522 5035 567 5086 est
581 5033 714 5089 omniurn
732 5034 875 5100 fidelium,
887 5037 954 5092 ohe·
1009 5052 1076 5091 cum
1092 5033 1178 5107 longe
1193 5039 1244 5091 aut
1260 5036 1372 5101 decem,
1389 5041 1439 5091 aut
1454 5035 1555 5110 viginti
1571 5041 1623 5092 aut
1644 5037 1771 5112 triginta
1785 5045 1840 5098 sta·

129 5122 238 5179 dientia
252 5121 379 5195 genitrix
394 5124 438 5176 est
462 5120 595 5176 omnium
618 5122 771 5188 virtutum,
791 5125 956 5180 obedientia
1010 5125 1066 5180 diis
1081 5140 1158 5195 aqua
1173 5129 1304 5203 manaret
1321 5143 1328 5193 3
1345 5124 1395 5195 qui
1410 5124 1479 5180 licet
1506 5125 1548 5181 ita
1572 5126 1708 5184 domaret
1722 5145 1839 5203 corpus,

129 5210 210 5285 regni
222 5211 361 5267 coelorum
373 5209 517 5267 inventrix
530 5214 584 5278 est,
598 5210 772 5283 obedientie,
790 5212 878 5270 coelos
888 5229 955 5284 ape·
1010 5213 1135 5286 priorem
1152 5217 1251 5269 tamen
1267 5212 1464 5270 valetudinem
1479 5230 1536 5269 non
1550 5214 1662 5271 amisit.
1675 5220 1745 5273 Haeo
1758 5221 1839 5276 mira·

129 5298 644 5367 riens,hominemelevatdeterra,
658 5299 954 5378 phedientiacohabi·
1009 5302 1075 5358 cula
1089 5302 1207 5358 assidue
1223 5302 1295 5374 lego,
1311 5302 1499 5358 sanctissima
1514 5307 1615 5373 mater,
1644 5309 1676 5360 et
1705 5322 1761 5378 per
1783 5307 1838 5363 bec

130 5387 268 5443 latrixost
280 5387 810 5458 angelorum‚obcdientiesanctorum
822 5390 953 5447 omnium
1009 5408 1076 5446 cum
1094 5391 1141 5446 Dei
1158 5391 1303 5462 adJutorio
1318 5391 1346 5446 in
1370 5385 1555 5447 abstinentia
1574 5392 1717 5464 prolicere
1740 5397 1832 5452 stude.

130 5474 286 5544 cihusest;
302 5495 336 5532 cx
351 5477 407 5533 hac
421 5476 499 5533 enim
515 5476 607 5533 abluti
623 5481 703 5543 suut,
720 5483 748 5532 et
764 5480 903 5548 perhanc
918 5481 954 5536 ad
1009 5482 1071 5537 Non
1087 5481 1181 5535 simus
1192 5481 1284 5552 parati
1298 5481 1333 5536 ad
1343 5478 1442 5536 omnia
1452 5479 1569 5553 quidem
1579 5483 1831 5555 concupiscenda:

132 5563 338 5640 perlectionem
353 5570 505 5623 venerunt.
1009 5569 1172 5627 recolamus
1183 5568 1394 5626 continentiam
1406 5560 1482 5626 beati
1492 5569 1616 5626 Zenonis
1632 5569 1765 5632 abbatis.
1780 5573 1831 5631 Ab·
