3908 6096
123 336 179 398 'tel
392 334 603 399 EXPOSl'l'lO
622 335 663 399 IN
685 334 897 399 EPlS'l'ObAS
919 333 1050 399 Pauci.
1066 369 1104 382 -
1119 339 1157 398 ΙΝ
1181 338 1304 402 uersi.
1329 340 1381 403 AO
1404 340 1563 405 Pilleltl.
1773 345 1832 404 ἨΞ

122 469 320 539 laudatur,de
334 468 533 543 apostolorum
545 470 675 542 exemplo
686 469 824 539 sumitur,
836 475 865 526 et
880 469 948 527 inde
961 470 990 537 Α
1006 469 1177 544 ceterisque
1202 488 1253 546 per
1277 474 1412 542 Paulum,
1429 475 1495 548 plus
1519 475 1671 533 charitatis
1692 481 1830 546 meretur,

124 560 236 617 bonum
252 559 302 626 sit,
319 559 388 632 quia
403 559 438 614 dc
453 556 561 614 Christi
578 558 657 614 lente
674 558 808 615 ducatur.
1007 576 1095 631 quam
1111 560 1170 617 cdii
1185 567 1252 619 ante
1272 569 1429 620 meruerat.
1446 566 1526 623 Unde
1551 567 1616 624 ait:

159 673 173 700 «
186 647 332 706 Gaudium
342 647 419 704 enim
432 663 572 720 magnum
583 647 949 714 hahui,stconsolationem
1042 671 1057 700 θ
1073 649 1156 706 Nunc
1169 654 1267 707 autem
1282 657 1311 708 et
1324 654 1377 710 tihi
1393 659 1422 711 et
1437 654 1508 711 mihi
1525 653 1616 712 utilis.
1631 675 1645 706 a
1661 654 1784 712 Domino
1799 656 1829 713 in

121 739 151 795 in
168 738 311 795 charitate
326 741 396 804 tua;
414 736 484 810 quia
498 736 611 793 viscera
624 742 792 794 sanctorum
805 739 951 810 requieve·
1005 755 1039 795 eo
1062 737 1154 808 utilis,
1171 739 1240 811 quia
1264 747 1363 814 posset
1387 743 1476 800 Paulo
1503 745 1610 801 servire
1632 761 1684 818 pro
1708 743 1828 800 dominc

120 832 191 884 runt
210 845 261 900 per
280 831 319 894 te,
343 827 441 881 lrater.
460 850 471 879 ι
503 825 622 882 Plenius
641 825 778 898 inculcat,
795 834 824 885 st
839 830 949 900 edocet,
1006 843 1078 896 suo;
1095 828 1186 884 Paulo
1201 845 1267 886 vcro
1282 830 1312 886 in
1327 847 1360 887 eo
1376 831 1469 901 utilis,
1485 833 1554 906 quia
1572 833 1622 890 illo
1647 833 1677 889 iu
1701 849 1827 902 carcere,

120 934 211 991 quare
226 915 350 972 dixerit:
370 935 383 968 s
399 914 514 972 Gratias
529 931 583 989 ago
600 919 657 972 Deo
673 932 748 984 meo,
761 934 877 990 semper
892 935 950 975 me·
1005 915 1189 989 vinculisque
1204 917 1331 987 detento,
1347 924 1446 992 posset
1469 925 1497 977 et
1520 921 1549 978 in
1570 920 1723 994 Evangelio
1739 921 1826 978 mini·

120 1005 246 1063 moriam
264 1006 306 1060 tui
321 1004 433 1062 iaciens
447 1005 478 1060 in
494 1004 678 1062 orationihus
694 1006 776 1062 meis.
791 1029 805 1056 »
821 1007 949 1081 Dignum
1005 1009 1109 1062 strare.

120 1095 267 1168 siquidem
276 1099 338 1150 erat
346 1109 431 1168 agere
440 1093 614 1167 gratiasOeo
624 1111 740 1167 semper
748 1113 799 1168 pro
809 1095 949 1153 charitate
1041 1117 1055 1146 a
1070 1099 1111 1150 Tu
1122 1099 1219 1152 autem
1232 1096 1363 1166 illum,id
1376 1103 1429 1166 est,
1439 1104 1471 1155 ut
1481 1116 1546 1157 mea
1555 1101 1668 1159 viscera
1676 1101 1803 1175 suscipe.
1813 1123 1826 1151 a

120 1183 309 1252 Philemonis,
326 1183 376 1255 qui
394 1184 543 1240 internum
559 1184 658 1240 cordis
673 1184 820 1252 affectum,
837 1190 865 1241 ct
881 1202 947 1258 pro·
1003 1183 1123 1240 Viscera
1148 1184 1315 1257 significant
1338 1186 1487 1244 internum
1512 1190 1607 1247 cordis
1630 1191 1776 1258 affectum,
1799 1194 1828 1247 et
1884 1225 1888 1235 ·

122 1274 230 1330 londos
241 1272 333 1330 animi
345 1277 515 1330 sanctorum
527 1288 660 1330 recessus
671 1273 857 1346 suscipiendo
869 1274 949 1332 relri-
1003 1271 1120 1344 plenam
1131 1289 1166 1330 cx
1181 1272 1279 1330 animo
1293 1274 1485 1347 voluntatem,
1496 1294 1563 1335 cum
1578 1282 1673 1336 totum
1684 1278 1828 1352 quidquid

118 1366 279 1438 geravarat.
650 1358 654 1366 ’
1003 1360 1033 1417 in
1050 1361 1135 1418 nohis
1149 1366 1204 1432 est,
1219 1362 1380 1437 suscipitur
1394 1382 1411 1421 a
1425 1371 1533 1439 rogato.
1544 1366 1634 1424 Aliter
1644 1372 1753 1434 autem,
1765 1384 1828 1425 cm·

155 1476 169 1504 «
186 1454 307 1524 Propter
319 1451 397 1524 quod
411 1450 536 1508 multam
547 1451 687 1508 fiduciam
700 1451 812 1508 habens
824 1452 853 1508 in
867 1452 947 1510 Chri·
1003 1465 1055 1505 nes
1071 1448 1166 1518 liberi,
1182 1449 1293 1506 viscera
1309 1455 1380 1507 sunt
1403 1451 1594 1526 intelligenda
1608 1458 1773 1527 parentum.

119 1546 165 1598 sto
177 1542 247 1597 Jcsu
264 1540 431 1613 imperandi
447 1539 502 1596 tihi
513 1541 590 1612 quod
606 1541 642 1596 ad
659 1557 721 1596 rem
736 1540 900 1613 pertinent:
919 1546 948 1596 et
1039 1561 1052 1589 α
1070 1541 1161 1606 Quem
1176 1555 1231 1612 ego
1246 1539 1395 1597 volueram
1408 1557 1523 1598 mecum
1537 1542 1672 1610 retinere,
1685 1547 1718 1598 ut
1732 1560 1783 1616 pro
1798 1546 1827 1599 te

118 1635 237 1704 propter
246 1629 426 1687 charitatem
441 1629 535 1702 magis
546 1630 678 1696 obsecro,
689 1645 756 1686 cum
770 1630 810 1685 sis
822 1629 899 1698 talis,
914 1634 948 1685 ut
1002 1626 1075 1684 mihi
1094 1627 1273 1685 ministraret
1297 1629 1327 1684 in
1353 1630 1479 1688 vinculis
1503 1630 1661 1705 Evangelii.
1678 1654 1693 1682 a
1717 1631 1826 1688 ldcircc

116 1720 337 1789 Paulussencx,
350 1735 429 1775 nunc
442 1723 580 1775 autemst
595 1718 787 1776 vinctuslesu
801 1719 944 1775 Christi.»
1001 1716 1095 1773 illium
1111 1735 1210 1787 suum,
1227 1723 1255 1774 et
1282 1718 1378 1774 lilium
1403 1719 1599 1790 vinculorum,
1615 1724 1643 1776 et
1658 1720 1827 1777 ministrum

117 1808 220 1866 Multis
236 1807 434 1865 Philemonem
451 1808 590 1864 laudibus
604 1811 679 1864 ante
690 1807 862 1881 premissis,
878 1825 946 1865 cum
1000 1805 1148 1880 Evangelii
1163 1807 1192 1862 in
1209 1807 1335 1864 vinculis
1350 1809 1512 1877 constituti,
1529 1808 1668 1880 inculcat,
1681 1813 1769 1882 atque
1784 1827 1828 1867 re·

117 1914 165 1954 res
175 1896 243 1954 talis
257 1897 303 1967 sit,
315 1914 367 1970 pro
378 1914 436 1969 qua
448 1901 605 1969 rogaturus
616 1901 672 1965 est,
683 1914 746 1970 quae
758 1901 786 1954 et
796 1896 952 1971 praestanti
1003 1895 1103 1969 plicat,
1116 1899 1148 1952 ut
1159 1896 1311 1954 Philemon
1328 1896 1377 1954 ille
1392 1899 1559 1970 prudenter,
1571 1902 1600 1956 et
1614 1898 1826 1971 dispensatorie

118 1988 159 2044 sit
183 1986 275 2058 utilis,
291 1992 319 2043 at
343 1986 468 2059 roganti,
484 1989 599 2058 poterat
614 1985 723 2043 Paulus
743 1986 838 2059 magis
853 1986 946 2058 impe·
1002 1987 1117 2041 tantum
1129 1985 1159 2041 ln
1172 1985 1339 2058 praelatione
1349 1986 1498 2053 laudatus,
1509 2005 1568 2044 non
1580 1989 1700 2045 auderet
1708 2004 1825 2062 negare,

117 2093 184 2133 rare
200 2093 287 2149 quam
304 2081 412 2149 petere.
424 2076 479 2132 Sed
494 2075 551 2132 hoc
566 2092 601 2131 ex
615 2076 723 2132 liducia
737 2074 788 2132 illa
800 2076 946 2142 veniebat,
1003 2089 1039 2130 ne
1055 2073 1117 2130 suis
1132 2072 1270 2132 laudibus
1283 2074 1428 2131 videretur
1442 2075 1592 2149 indignus.

118 2166 197 2239 quod
212 2165 263 2238 qui
276 2169 359 2221 tanta
374 2164 410 2220 ch
422 2163 572 2221 Christum
584 2180 673 2237 opera
687 2168 877 2238 perpetrarat,
891 2163 947 2220 uti·
1039 2185 1053 2212 «
1069 2162 1136 2219 Sine
1150 2163 1272 2220 consilio
1288 2169 1387 2220 autem
1403 2169 1454 2220 tuc
1470 2164 1543 2221 nihil
1558 2164 1638 2222 volui
1654 2166 1767 2223 lacere:
1786 2166 1827 2222 uti

119 2271 177 2327 que
188 2253 284 2326 impar
296 2254 343 2310 sui
359 2253 389 2308 iu
405 2254 518 2310 ceteris
529 2268 593 2310 esse
607 2269 666 2309 non
682 2257 805 2325 poterat.
817 2254 870 2309 Sed
887 2252 948 2309 vult
1002 2267 1039 2307 ne
1054 2250 1131 2308 velut
1146 2268 1181 2308 ex
1195 2252 1369 2310 necessitate
1384 2253 1493 2310 bonum
1510 2257 1595 2311 tuum
1610 2260 1700 2323 esset,
1711 2254 1762 2311 sed
1778 2272 1827 2312 vc·

118 2343 213 2416 magis
225 2348 333 2416 petere,
346 2359 435 2414 quam
443 2342 559 2414 jubere,
571 2342 675 2416 grandi
688 2343 814 2415 petentis
825 2341 949 2399 auctori·
1001 2338 1174 2396 lanterium.
1187 2362 1202 2391 a
1218 2340 1315 2397 Potuit
1327 2342 1425 2414 itaque
1436 2343 1585 2416 apostolus
1596 2344 1704 2401 Paulus
1715 2343 1827 2416 absque

118 2438 178 2490 tate
195 2431 355 2506 proposita,
372 2448 424 2505 per
437 2448 528 2503 quam
545 2438 574 2488 et
589 2430 744 2503 Apostolus
759 2432 903 2498 obsecrat,
919 2436 948 2487 et
1001 2428 1151 2485 voluntate
1158 2429 1578 2488 PhilemonisOnesimumsihi
1591 2433 1619 2489 in
1631 2432 1827 2490 ministerium

120 2539 219 2595 senex,
229 2526 258 2578 et
268 2521 462 2578 vinctuslesu
472 2520 706 2577 ChristiTotum
717 2525 815 2578 autem
824 2537 878 2593 pro
889 2537 946 2592 quc
1002 2523 1163 2588 retentare;
1180 2520 1231 2576 sed
1247 2520 1272 2576 si
1288 2519 1342 2576 hoc
1352 2521 1415 2578 sinc
1426 2521 1604 2578 Philemonis
1620 2522 1768 2579 voluntate
1784 2523 1797 2578 i
1813 2553 1825 2566 ·

119 2616 212 2685 rogat,
222 2610 295 2667 illud
305 2616 362 2671 cst.
371 2611 526 2667 Onesimus
538 2610 838 2676 servustilemcnis,
846 2611 946 2684 fugam
1001 2609 1099 2675 nisset,
1117 2609 1227 2664 bonum
1243 2609 1363 2682 quidem
1380 2614 1443 2666 erat
1458 2612 1532 2681 ejus,
1549 2612 1600 2667 sed
1620 2627 1678 2668 non
1692 2613 1827 2669 volunta·

118 2701 197 2759 lurto
206 2700 376 2771 cumulans,
384 2701 519 2772 quaedam
529 2700 570 2756 rei
580 2700 747 2757 domestica
756 2701 945 2773 compilarat:
1002 2698 1177 2762 riumOuod
1189 2704 1287 2755 autem
1298 2715 1356 2754 non
1367 2703 1429 2755 erat
1438 2697 1648 2770 voluntarium,
1656 2699 1712 2757 alic
1720 2715 1826 2774 genere

119 2790 167 2846 hic
181 2805 304 2863 pergens
320 2789 356 2846 ad
368 2787 542 2856 ltaliam,nc
558 2790 594 2845 dc
609 2789 742 2861 proximo
753 2789 868 2847 facilius
883 2808 949 2863 pcs-
1001 2787 1178 2860 arguebatur
1192 2804 1250 2843 non
1265 2803 1329 2844 esse
1345 2788 1467 2844 honum.
1484 2787 1562 2844 Nihil
1583 2787 1691 2862 quippe
1715 2789 1825 2846 bonum

119 2884 166 2937 set
176 2879 367 2953 apprehendi,
376 2878 531 2950 pecuniam
540 2878 652 2934 domini
663 2894 715 2950 per
726 2878 871 2934 luxuriam
885 2896 948 2951 pro·
1002 2875 1058 2931 dici
1075 2880 1180 2948 potest,
1197 2876 1253 2932 nisi
1269 2876 1347 2948 quod
1364 2875 1528 2932 ultroneum
1546 2880 1600 2932 est.
1617 2878 1658 2933 Ex
1677 2894 1735 2948 quo
1749 2880 1827 2949 Apo·

120 2969 249 3040 degerat.
266 2969 325 3024 lloc
341 2984 376 3023 na
398 2967 466 3039 quis
485 2971 569 3039 putat
590 2971 708 3034 temere,
724 2971 753 3022 et
777 2971 809 3022 ut
832 2967 914 3034 libet,
931 2986 949 3024 a
1001 2963 1069 3020 stcli
1080 2963 1294 3019 consideranda
1306 2965 1474 3036 prudentia,
1486 2964 1537 3036 qui
1553 2964 1661 3021 idcirco
1672 2965 1826 3038 fugitivum

120 3058 205 3115 nohis
216 3058 328 3123 lictum,
340 3056 369 3111 in
380 3054 574 3127 sequentihus
584 3055 688 3110 discat.
699 3055 856 3127 Nunquam
868 3057 946 3112 enim
1005 3069 1120 3109 servum
1134 3052 1258 3108 remittit
1271 3053 1306 3109 ad
1320 3052 1485 3124 dominum,
1498 3057 1529 3109 ut
1539 3053 1632 3126 possit
1641 3054 1760 3110 domino
1773 3071 1827 3110 suc

118 3147 229 3204 Paulus
244 3145 370 3202 dicaret:
386 3167 400 3195 «
413 3144 443 3200 Si
458 3143 529 3215 quid
541 3143 641 3199 nocuit
651 3143 774 3211 tihi,aut
784 3143 880 3215 debet,
893 3144 946 3200 boc
1000 3143 1149 3215 prodesse,
1163 3140 1213 3213 qui
1225 3141 1363 3214 prodesse
1375 3159 1432 3198 aon
1445 3146 1569 3215 poterat,
1581 3142 1606 3199 si
1616 3143 1736 3201 dominc
1746 3147 1826 3200 tene·

119 3236 193 3292 mihi
207 3236 344 3308 imputa:
372 3249 424 3306 ego
440 3232 550 3289 Paulus
566 3232 671 3305 scripsi
687 3247 753 3288 mea
768 3250 877 3301 manu;
893 3249 946 3306 ego
962 3214 983 3281 C
1003 3235 1083 3287 retur
1097 3231 1226 3287 absente.

120 3325 260 3381 reddam:
277 3342 291 3375 ι
309 3323 368 3379 Νθθ
382 3338 509 3395 sponsor
523 3321 564 3378 rei
579 3322 662 3377 fieret
677 3320 791 3388 ablata,
802 3321 858 3378 nisi
872 3326 949 3379 esset
1040 3341 1054 3370 «
1069 3319 1201 3375 Forsitan
1212 3319 1277 3375 ideo
1285 3319 1429 3376 discessit.
1439 3342 1452 3370 n
1464 3319 1586 3376 Pulchra
1594 3324 1693 3376 autem
1705 3320 1825 3389 addens,

119 3413 161 3479 id,
178 3412 256 3483 quod
281 3409 415 3467 ablatum
439 3411 544 3480 fuerat,
566 3409 755 3482 dissipatum.
772 3409 824 3466 llic
846 3411 946 3484 igitur,
1002 3432 1016 3460 «
1034 3408 1167 3478 lorsitan,
1183 3432 1197 3459 »
1220 3409 1395 3466 sententiam
1420 3408 1603 3482 temperavit.
1619 3408 1737 3466 Occulta
1757 3415 1828 3467 sunt

120 3516 188 3556 cum
203 3500 239 3557 cb
250 3499 465 3556 confessionem
478 3497 583 3555 Christi
598 3495 706 3554 Paulus
716 3498 814 3554 Rome
824 3504 903 3555 essct
917 3499 947 3555 in
1002 3498 1111 3571 quippe
1119 3497 1234 3570 Judicia
1244 3497 1540 3564 Dei,ettemerarium
1553 3498 1692 3571 estquasi
1703 3499 1738 3555 de
1749 3503 1826 3556 certo

120 3605 246 3656 carcere,
263 3588 387 3646 credidit
402 3589 432 3643 in
449 3588 606 3643 Dominum
620 3587 732 3655 lesum,
749 3591 777 3643 et
796 3589 832 3643 ab
847 3604 881 3644 eo
897 3589 947 3645 ba·
1002 3587 1202 3660 pronuntiare,
1215 3587 1293 3660 quod
1305 3586 1427 3643 dubium
1438 3592 1491 3643 est.
1506 3611 1520 3637 α
1533 3587 1678 3659 Forsitan,
1690 3610 1705 3639 »
1718 3588 1824 3660 inquit,

120 3679 357 3753 ptizatus,digna
368 3677 541 3750 paenitentia
551 3676 683 3733 maculas
692 3676 756 3733 vitae
767 3676 873 3749 prioris
884 3679 949 3735 abs.
1003 3700 1017 3727 a
1033 3676 1097 3732 ideo
1113 3675 1259 3744 discessit,
1274 3699 1284 3726 a
1303 3680 1399 3743 caute,
1409 3675 1710 3749 timide,trepidando,
1723 3683 1751 3734 et
1767 3694 1824 3733 non

121 3767 207 3823 tersit
224 3783 231 3824 ε
256 3767 286 3822 in
305 3771 434 3834 tantum,
451 3770 483 3822 ut
498 3765 656 3838 Apostolus
670 3766 869 3823 conversionis
883 3768 947 3839 eJ'us
1002 3769 1096 3821 totum
1108 3765 1163 3821 fixo
1175 3765 1279 3837 gradu,
1291 3780 1339 3830 ne,
1350 3765 1375 3820 si
1392 3782 1449 3821 non
1464 3767 1621 3837 posuisset,
1635 3787 1649 3816 «
1666 3766 1798 3834 forsitan,
1811 3788 1825 3816 »

121 3855 207 3912 testis
217 3857 309 3922 tieret,
322 3855 373 3928 qui
387 3856 536 3927 quondam
552 3855 669 3911 Petrum
683 3855 877 3928 increpuerat,
890 3873 946 3912 non
1002 3854 1141 3910 omnibus
1157 3852 1247 3909 servis
1259 3853 1432 3926 fugiendum
1444 3858 1531 3920 essct,
1543 3856 1574 3908 ut
1585 3853 1715 3926 Apostoli
1726 3854 1827 3911 herent

121 3950 199 4002 recto
211 3946 285 4019 pede
296 3945 326 4000 in
341 3942 489 4016 Evangelii
505 3943 624 4000 veritate
636 3944 817 4016 gradientem
829 3943 899 4015 (Gal.
917 3962 946 4016 rr,
1002 3943 1074 3998 disci
1078 3941 1151 4013 puli.

122 4035 177 4103 ll).
190 4037 339 4102 Quantum
352 4033 441 4106 igitur
453 4031 488 4089 ad
500 4036 663 4105 peccatum,
674 4033 749 4088 etad
760 4032 873 4088 lacinus
886 4049 948 4106 per·
1038 4054 1052 4081 «
1068 4031 1112 4086 Ad
1127 4030 1229 4086 horam
1252 4047 1270 4085 a
1289 4036 1326 4085 le.
1344 4053 1355 4082 ι
1374 4029 1456 4093 Quod
1473 4034 1581 4098 autem,
1601 4049 1612 4077 ι
1627 4031 1663 4085 ad
1680 4030 1792 4098 horam,
1811 4053 1822 4083 s

118 4123 205 4192 tinet,
221 4123 300 4195 quod
315 4121 451 4178 homines
466 4120 586 4188 leserit,
596 4119 710 4176 veniam
726 4137 785 4177 non
801 4126 946 4190 meretur;
997 4119 1108 4192 junxit,
1124 4118 1227 4174 horam
1247 4134 1299 4189 pro
1322 4121 1453 4192 tempore
1468 4119 1609 4174 debemus
1623 4117 1764 4191 accipere.
1780 4119 1824 4175 Ad

118 4209 946 4285 quantumvercadApastolitestimonium,quiscitcum
1001 4208 1252 4283 comparationem
1279 4206 1358 4263 enim
1384 4207 1564 4275 aeternitatis,
1592 4224 1678 4263 omne
1706 4211 1824 4280 tempus

119 4302 205 4376 plene
230 4318 296 4357 esse
320 4316 505 4368 conversum,
521 4299 624 4371 grandi
645 4300 773 4373 pondere
792 4302 945 4373 premitur,
1001 4299 1086 4356 breve
1110 4301 1163 4353 est.
1697 4345 1700 4350 .

118 4391 170 4464 qui
187 4394 317 4463 rogatur,
329 4393 362 4445 ut
376 4389 427 4461 qui
443 4389 478 4449 dc
493 4403 576 4445 servo
587 4388 707 4461 fugitivo
717 4393 806 4461 atque
820 4395 946 4463 raptore,
1037 4412 1051 4439 «
1069 4388 1105 4445 Ut
1115 4390 1256 4443 aeternnm
1268 4385 1352 4441 illum
1364 4386 1506 4459 reciperes
1518 4403 1525 4442 ·.
1535 4386 1599 4457 jam
1611 4403 1668 4442 non
1679 4385 1756 4443 sicut
1766 4403 1824 4443 ser-

118 4480 258 4537 minister
272 4477 404 4551 Apostoli
420 4478 514 4533 lactus
530 4481 602 4534 crat.
622 4476 715 4549 (Quod
743 4482 842 4534 autem
866 4479 945 4535 aliud
1000 4494 1081 4547 vum,
1092 4478 1143 4533 sed
1159 4493 1211 4548 pro
1226 4491 1309 4532 servo
1324 4474 1531 4531 charissimum
1547 4476 1702 4531 fratrem.»
1718 4474 1825 4533 Nullus

119 4570 250 4627 babebat
262 4565 419 4640 Apostolus
432 4565 706 4637 ministerium,nisi
714 4566 859 4640 Evangelii
868 4568 948 4625 Chri.
961 4583 986 4648 Ι)
1002 4571 1127 4624 eternus
1138 4566 1278 4621 dominus
1289 4565 1364 4620 servi
1380 4564 1436 4619 sui.
1448 4565 1580 4621 Potestas
1591 4565 1700 4637 quippe
1709 4565 1785 4638 ejus,
1796 4569 1825 4622 et

120 4660 159 4716 sti
175 4659 246 4715 lesu
258 4656 290 4727 t)
303 4657 370 4712 lam
387 4672 445 4711 non
465 4656 549 4727 quasi
574 4673 591 4712 a
614 4655 748 4723 Domino,
764 4657 815 4713 sed
831 4659 948 4730 quasia
1002 4656 1157 4727 utriusque
1172 4653 1311 4722 conditio,
1328 4656 1420 4707 morte
1441 4652 1552 4708 linitur.
1568 4651 1724 4709 Onesimus
1746 4670 1823 4723 vcro,

121 4762 276 4812 conservo,
303 4750 332 4801 et
357 4744 581 4816 coevangelista,
608 4744 808 4817 ignosceretur
833 4746 870 4814 ei,
895 4749 946 4818 qul
1001 4746 1050 4817 qui
1066 4763 1100 4800 ex
1115 4744 1172 4799 llde
1187 4741 1295 4798 Christi
1312 4742 1405 4797 lactus
1419 4744 1546 4798 aeiernus
1560 4747 1613 4811 est,
1631 4748 1738 4799 aeterno
1754 4743 1825 4799 Phi-

122 4852 227 4893 servus
243 4839 322 4891 esset
338 4832 445 4888 Christi
460 4832 606 4901 similiter,
621 4837 650 4889 et
664 4833 807 4890 minister.
1002 4833 1121 4900 temoni,
1133 4832 1203 4904 quia
1219 4831 1248 4885 in
1259 4829 1407 4886 Christum
1419 4834 1447 4886 et
1460 4831 1523 4904 ipse
1533 4831 1706 4902 crediderat,
1718 4832 1823 4905 spiritu

157 4947 172 4975 α
191 4924 317 4981 Obsecro
328 4928 356 4978 te
371 4937 422 4994 pro
439 4937 504 4977 mec
519 4921 590 4988 filio,
602 4938 689 4994 quem
699 4923 784 4993 genui
801 4924 830 4979 in
845 4924 945 4979 vincu·
1002 4921 1146 4978 libertatis
1162 4924 1289 4992 accepto,
1297 4919 1361 4991 jam
1377 4935 1435 4975 non
1450 4937 1551 4977 servus
1566 4923 1617 4978 scd
1633 4922 1724 4978 trater
1738 4921 1824 4992 coepit

120 5013 170 5082 lis,
180 5011 329 5070 Onesimo.
339 5031 353 5062 a
366 5009 473 5066 Volane
483 5009 726 5083 impetrarequod
738 5011 946 5084 postulat,jam
1001 5026 1075 5079 esse,
1092 5011 1128 5066 dc
1152 5026 1244 5080 servo,
1260 5009 1350 5065 frater
1363 5008 1567 5078 charissimus,
1583 5011 1671 5067 irater
1685 5014 1822 5075 eternus,

119 5119 181 5159 non
193 5119 245 5175 pro
261 5116 343 5158 servo
354 5098 545 5170 Philemonis,
558 5100 609 5155 sed
621 5116 673 5172 pro
686 5099 746 5156 illic
756 5116 810 5157 suo
824 5117 856 5157 se
867 5118 946 5158 asse·
1001 5104 1107 5158 aeterno
1123 5103 1152 5155 et
1166 5096 1222 5171 ipsi
1236 5095 1384 5169 Apostolo,
1396 5098 1573 5171 dominoque
1587 5114 1650 5165 suo,
1663 5096 1709 5152 cui
1724 5096 1824 5152 Onesi-

96 5252 98 5257 ,
118 5192 160 5250 rit
174 5188 335 5263 deprecari,
353 5192 383 5244 ct
397 5186 447 5245 illo
463 5185 533 5257 tilio,
545 5204 632 5260 quem
647 5193 789 5261 genuerat
802 5189 831 5244 in
849 5191 946 5247 vincu-
1002 5191 1135 5256 mum,ut
1145 5186 1242 5242 carnis
1255 5189 1321 5242 ante
1333 5187 1572 5257 conditio,multo
1585 5184 1711 5258 amplius
1722 5188 1824 5259 postea

118 5280 157 5339 lis
178 5276 336 5352 Evangelii,
353 5277 408 5333 hoc
432 5281 487 5345 est,
503 5293 567 5350 quaa
591 5293 643 5350 pro
664 5276 770 5334 Christi
791 5279 945 5351 Evangelio
1000 5277 1122 5351 spiritus
1138 5275 1303 5348 copulabat.
1315 5276 1349 5330 Et
1364 5279 1432 5330 tunc
1447 5274 1576 5347 quidem,
1588 5273 1705 5346 quando
1720 5278 1783 5329 erat
1797 5273 1823 5330 ei

118 5369 295 5428 sustinebat.
1001 5367 1152 5437 subjectus
1167 5366 1198 5421 in
1213 5379 1310 5431 carne,
1323 5381 1381 5419 non
1391 5369 1453 5419 erat
1467 5363 1492 5418 ei
1505 5364 1628 5434 junctus
1644 5363 1673 5418 in
1686 5363 1821 5432 Ocminc;

155 5481 171 5509 u
188 5457 243 5524 Qui
258 5457 310 5513 tibi
326 5455 485 5527 aliquando
500 5454 614 5511 inutilis
631 5455 695 5511 luit.
712 5478 727 5504 »
746 5456 821 5526 Tibi,
839 5455 944 5527 inquit,
1001 5473 1079 5510 nunc
1090 5458 1186 5510 autem
1198 5457 1227 5509 et
1238 5453 1267 5507 iu
1281 5468 1367 5507 carne
1379 5452 1403 5506 ei
1412 5451 1598 5520 junctuscst,
1609 5452 1676 5508 etin
1687 5452 1822 5509 Domino.

120 5546 198 5616 acti,
215 5562 272 5603 non
288 5544 418 5602 ceteris:
437 5561 515 5600 nunc
529 5561 544 5600 θ
560 5545 704 5601 contrario
720 5544 854 5601 utilitatis
869 5561 946 5600 ccm-
1001 5545 1040 5600 Ea
1055 5561 1112 5616 qao
1125 5541 1318 5612 intelligimus
1330 5556 1457 5606 servum,
1471 5539 1521 5611 qui
1533 5541 1689 5597 crediderit
1703 5543 1732 5597 in
1743 5541 1824 5599 Chri-
1898 5535 1904 5546 '

119 5636 284 5713 paratione,
301 5652 360 5710 qua
380 5638 410 5693 et
430 5634 488 5708 ipsi
503 5632 633 5703 dominc,
648 5637 677 5692 et
691 5633 779 5693 Paulo
795 5634 875 5691 utilis
890 5638 945 5702 est,
1000 5638 1056 5704 sto,
1069 5631 1179 5707 duplici
1189 5630 1307 5688 domino
1317 5644 1371 5685 suo
1384 5626 1447 5700 lege
1456 5629 1626 5705 constringi,
1639 5635 1673 5690 ut
1686 5631 1713 5688 si
1723 5634 1752 5688 et
1761 5646 1823 5686 car·
