3908 6096
114 311 159 377 ‚ss
759 278 761 282 ⁴
838 302 1099 369 acerrumas.
1778 308 1819 369 aa

120 448 200 504 nitus
215 447 394 518 obseraretur,
411 450 443 502 ut
455 444 569 500 nibitin
585 441 717 509 ecelesia,
734 444 838 513 preter
851 435 942 494 resti·
958 455 982 517 Α
999 434 1163 491 sacerdotes
1179 435 1371 503 dicimur,boc
1385 438 1479 494 lacere
1496 455 1553 495 non
1569 440 1721 498 debemus.
1738 441 1819 499 Unde

121 544 219 593 menta
234 535 478 617 ecclesiasticaet
493 550 561 590 vasa
573 537 674 588 sancta
684 536 713 587 et
725 530 824 597 libros,
841 544 940 583 recon-
996 541 1032 579 ne
1048 524 1103 579 boc
1118 526 1245 580 avaritie
1256 525 1368 596 vitium,
1384 526 1470 583 velia
1486 527 1590 584 alienis
1601 529 1696 586 denuo
1711 531 1818 588 tentari

119 627 216 683 datur.
232 626 261 683 Si
278 631 376 681 autem
391 624 586 696 (23)tempore
600 619 810 694 persecutionis
823 621 942 690 propter
996 619 1200 685 presumatur,
1216 615 1445 683 admoneo;sed
1461 617 1485 671 si
1515 623 1623 688 quanto
1639 619 1765 692 aliquem
1786 620 1817 676 ia
1908 616 1911 621 ’

118 714 337 788 improbitatem
361 713 531 785 predonum
559 727 614 767 sua
637 726 779 783 pauperes
803 707 943 763 alimenta
995 702 1118 758 ecclesia
1132 708 1228 757 vestra
1238 704 1354 774 sepeliri
1365 704 1533 773 conceditis,
1545 705 1700 778 siquidem
1716 726 1818 780 paren-

118 803 350 859 inibiservanda
375 808 529 874 reponunt,
558 817 614 856 uon
634 805 704 855 sunt
723 796 884 868 ejicienda:
901 794 943 849 ita
996 796 1040 846 tes
1064 791 1170 863 ipsius,
1194 791 1354 863 proximive
1378 793 1518 862 haeredes,
1546 812 1597 866 pro
1621 796 1817 855 luminaribus

117 908 190 947 sane
206 897 238 946 ut
253 891 397 946 decadem
410 887 533 944 ecclesia
546 903 618 959 pace
629 891 745 956 recepta
755 882 834 939 illico
845 889 941 938 trans·
996 886 1099 953 sponte
1114 881 1183 952 quid
1200 881 1302 935 offerre
1317 880 1470 949 volueriut,
1486 883 1574 954 accipi
1592 902 1650 941 non
1665 892 1816 957 vetamus;

117 984 280 1051 portentur.
297 976 446 1033 Vendendi
475 975 553 1031 euim
584 975 625 1033 rel
652 972 768 1031 emendi
794 972 833 1027 ibi
863 968 943 1026 nulla
997 969 1136 1039 petivero
1162 973 1212 1024 aut
1236 968 1346 1039 aliquid
1371 971 1457 1043 exigi,
1482 973 1816 1045 omninoprobibemus.

117 1066 348 1125 deturlicentia.
366 1067 407 1123 Ne
436 1068 508 1122 torte
528 1065 551 1123 si
582 1064 639 1121 alia
662 1065 702 1119 ibi
725 1064 943 1135 quamoportet
996 1058 1075 1121 Quod
1086 1057 1168 1113 valde
1180 1057 1373 1129 irreligiosum
1387 1065 1442 1124 est,
1454 1077 1488 1115 ne
1500 1063 1669 1120 autvenalis
1685 1068 1816 1134 tortasse,

118 1157 234 1231 negotia
258 1161 457 1222 exerceantur,
472 1172 490 1210 a
514 1153 636 1211 Domino
650 1153 825 1209 audiamus:
841 1152 942 1208 Domus
996 1147 1073 1219 quod
1089 1147 1175 1212 absit,
1205 1147 1319 1201 dicatur
1333 1149 1466 1215 ecclesis,
1490 1157 1540 1204 aut
1554 1168 1605 1207 vos
1629 1153 1664 1208 de
1679 1154 1817 1213 humanis

116 1263 189 1314 meu,
203 1245 512 1314 maurmunster,
527 1243 842 1314 ueruutemspetuucom
857 1241 940 1296 tatro-
995 1235 1151 1292 videamini
1163 1236 1308 1291 mortibus
1319 1237 1541 1309 gratulari,sisx
1552 1257 1652 1296 eorum
1669 1244 1817 1301 cadaveri-

116 1353 186 1394 num
195 1336 302 1409 sm
312 1322 389 1409 (mc
405 1350 464 1404 111,
480 1332 535 1406 46),
626 1371 629 1375 ,
998 1325 1054 1381 bus
1069 1325 1196 1382 studetis
1206 1342 1335 1396 querere
1346 1325 1476 1397 quolibet
1494 1328 1580 1383 modo
1595 1332 1813 1404 compendium.

155 1442 222 1499 cst·
238 1440 322 1498 XXII·
337 1471 374 1485 ,,
387 1440 463 1510 Μ
476 1442 508 1496 ,g
524 1440 636 1496 mla„
650 1439 775 1496 ,om-„g
788 1441 815 1494 α
826 1452 906 1493 m,
995 1417 1061 1470 Car.
1077 1412 1159 1470 XXV.
1182 1445 1216 1456 -
1233 1415 1265 1472 llt
1279 1415 1408 1472 dioceses
1422 1415 1545 1484 siugulis
1557 1421 1643 1473 anuis
1661 1422 1815 1478 visitentur.

414 1513 486 1568 tuus
499 1527 554 1568 non
567 1513 646 1582 fiant,
1030 1503 1144 1571 (deecit.
1162 1504 1307 1559 Tarracon.
1319 1505 1374 1559 sub
1390 1505 1553 1578 Hormisda,
1565 1523 1591 1562 c.
1605 1507 1646 1580 8.)
1657 1508 1816 1567 Multarum

155 1601 277 1675 (tadu.
298 1618 326 1657 e.
355 1602 410 1669 2¹1;
438 1601 523 1656 uuit.
553 1616 578 1656 c.
607 1600 660 1668 72;
692 1600 803 1671 riquira.
830 1614 856 1653 c.
883 1597 940 1668 80.)
994 1592 1305 1664 experientiacasuum
1316 1592 1505 1665 magistrante
1516 1596 1680 1667 reperimus
1691 1598 1817 1656 nonnul·

119 1692 201 1760 Quod
213 1708 270 1748 „011
281 1695 413 1764 oporteat
422 1690 453 1745 in
467 1689 580 1745 nomini
589 1688 725 1746 molestis
736 1688 867 1744 convivia
876 1703 940 1759 quo
994 1679 1182 1738 tasdioeceses
1192 1681 1495 1738 ecclesiisdestitutas.
1504 1683 1557 1739 Pro
1569 1701 1663 1757 quare
1674 1687 1702 1742 id
1713 1687 1819 1744 consti·

117 1786 261 1839 ,omnm
272 1796 382 1852 agape,
393 1779 467 1842 fieri,
480 1795 532 1835 „00
546 1779 623 1835 inem
639 1779 761 1834 domum
776 1777 826 1833 001
841 1791 938 1832 come.
994 1768 1107 1823 tutione
1122 1768 1315 1834 decrevimus,
1330 1774 1361 1823 ut
1372 1768 1496 1842 antique
1509 1774 1731 1830 consuetudinis
1746 1776 1817 1832 ordo

116 1855 197 1921 dore,
212 1850 257 1910 vel
272 1853 425 1909 accubitus
442 1856 583 1908 sternere.
952 1821 1126 1912 Bservetur
1139 1861 1167 1912 et
1194 1856 1280 1913 annis
1300 1856 1425 1930 singulis
1453 1859 1489 1915 ab
1512 1860 1658 1934 episcopis
1679 1863 1818 1922 dioeceses

199 1960 267 2017 cst,
281 1957 380 2015 xxm,
395 1988 431 2001 ..
445 1956 521 2026 Quod
533 1958 565 2012 1¹„
578 1957 698 2013 ecclesiis
709 1955 860 2028 sepultura·
994 1945 1158 2000 visitentur.
1175 1945 1249 2001 Etsi
1266 1946 1406 2018 quaiorte
1418 1947 1689 2007 basilicadestituta
1704 1957 1818 2026 reperta

454 2045 511 2085 nou
524 2029 602 2100 ficut
995 2032 1092 2102 fuerit,
1107 2032 1290 2089 ordinatione
1304 2034 1398 2105 ipsius
1414 2040 1572 2106 reparetur.

153 2118 314 2193 (theodulfi
330 2135 356 2176 o.
375 2119 415 2191 9.)
439 2118 587 2190 Antiquos
609 2117 640 2173 in
655 2117 703 2173 bis
728 2115 896 2189 regionibus
909 2113 941 2170 in
1049 2121 1117 2177 Cur.
1133 2120 1228 2177 XXVI.
1245 2153 1279 2163 -—
1295 2123 1348 2190 Qui
1361 2124 1515 2195 presbyteri
1526 2126 1647 2182 cbrirmo
1658 2131 1763 2200 petunt.

114 2203 943 2281 aeduissepeliendorummortuorumusueluit,epte
1031 2210 1107 2278 (dou.
1122 2211 1196 2267 Cort.
1223 2228 1260 2281 ιν,
1289 2227 1314 2266 c.
1330 2211 1387 2282 36.)
1415 2212 1580 2285 Presbyteri
1606 2216 1656 2287 qui
1680 2218 1817 2288 perdica·

118 2315 210 2371 reque
221 2297 288 2359 laos
301 2297 399 2354 divino
419 2296 511 2354 cultui
534 2296 710 2368 mancipata,
727 2299 755 2351 ot
768 2294 804 2350 td
817 2293 940 2350 offm-
996 2315 1077 2356 ceses
1092 2299 1231 2356 ecclesias
1241 2304 1357 2372 regunt,
1370 2317 1427 2356 non
1439 2317 1455 2354 a
1469 2300 1651 2374 quibuslibet
1660 2306 1817 2380 episcopis,

118 2389 172 2451 (tas
187 2388 247 2447 uso
260 2386 374 2446 hostias
384 2389 553 2459 preparata,
569 2383 805 2442 ommeteriasivs
820 2381 941 2455 polyan-
996 2387 1046 2443 sed
1060 2404 1077 2443 a
1091 2404 1154 2455 suo,
1171 2404 1223 2443 nec
1247 2404 1297 2460 per
1307 2389 1456 2459 juniorem
1481 2390 1629 2460 clericum,
1654 2396 1705 2450 sed
1721 2412 1772 2467 per
1786 2413 1818 2453 se

119 2471 943 2544 drialactasunt.Undeuolumusutabbacredeinceps
996 2476 1087 2549 ipsos,
1114 2481 1165 2531 aut
1190 2493 1240 2548 per
1269 2476 1352 2531 illurn
1383 2478 1432 2549 qui
1462 2480 1622 2536 sacrarium
1647 2487 1818 2552 tenet‚ante

120 2567 313 2638 abstineatur,
338 2569 367 2623 et
393 2581 480 2623 nemo
496 2565 526 2619 in
554 2563 677 2620 ecclesia
701 2562 868 2634 sepeliatur,
884 2559 942 2616 nisi
998 2565 1111 2620 Pascbae
1127 2564 1341 2622 solemnitatem
1356 2564 1484 2623 chrisma
1501 2575 1612 2640 petant.

118 2657 192 2715 forte
201 2655 270 2716 talis
285 2654 323 2711 sit
336 2670 461 2728 persona
470 2652 630 2710 sacerdotis
641 2656 691 2708 aut
705 2647 941 2722 cujustibetjusti
1057 2653 1124 2709 Cur.
1140 2652 1250 2709 XXVlI.
1267 2685 1300 2695 -
1317 2654 1396 2727 Quod
1409 2656 1529 2726 siuputir
1543 2661 1625 2715 cunis
1639 2662 1758 2732 synodus

117 2745 258 2812 bominis,
273 2744 326 2816 qui
341 2761 393 2816 per
415 2744 479 2799 rite
496 2742 633 2799 meritum
647 2741 734 2796 talem
751 2740 872 2796 vivendo
887 2754 942 2794 suo
1328 2727 1487 2782 celebretur·

114 2834 233 2907 corpori
247 2834 384 2892 defuneto
408 2831 505 2889 locum
536 2829 700 2902 acquisivit.
723 2833 850 2900 Corpora
863 2845 941 2896 vero,
1032 2832 1125 2900 (lutet.
1142 2848 1179 2898 rv,
1195 2847 1220 2887 c.
1236 2832 1276 2903 3.)
1291 2827 1376 2897 Nulla
1395 2849 1467 2904 pene
1482 2849 1529 2889 res
1544 2834 1705 2908 disciplina
1722 2854 1818 2897 mores

116 2922 391 2996 querneiquituain
400 2920 532 2978 ecclesiis
540 2919 655 2991 sepulta
664 2923 743 2985 sunt,
753 2933 941 2989 naquaquam
996 2922 1033 2977 ab
1044 2921 1172 2977 Ecclesia
1182 2920 1391 2994 Christimsgis
1399 2921 1523 2994 depulit,
1534 2939 1622 2995 quam
1634 2928 1818 2989 sacerdotum

118 3012 321 3085 proiioiantur,
333 3011 383 3069 sed
394 3008 499 3066 tumuli
511 3009 562 3081 qui
570 3012 713 3081 apparent
727 3007 901 3080 profundius
912 3005 942 3060 in
997 3008 1585 3082 negligentia,quicontemptisoauonibus
1591 3014 1626 3068 ad
1632 3014 1820 3088 corrigendos

120 3105 198 3158 torro
212 3100 377 3168 mittantur,
392 3104 422 3156 et
438 3098 602 3171 pavimento
617 3098 744 3169 desuper
757 3097 843 3161 iacto,
860 3094 941 3151 nullo
996 3097 1209 3153 ecclesiasticos
1224 3114 1320 3153 mores
1335 3101 1478 3169 synodum
1492 3101 1584 3156 lacere
1600 3102 1761 3176 negligunt.
1775 3105 1818 3162 Ob

117 3189 301 3247 tumulorum
318 3187 438 3259 vestigio
455 3191 622 3259 apparente,
643 3185 771 3241 sceleste
784 3181 978 3250 reverentiae
998 3187 1183 3242 bocanobrs
1213 3187 1413 3242 universaliter
1439 3188 1592 3244 definitum
1622 3197 1677 3257 est,
1703 3194 1820 3266 utquia

115 3282 316 3334 conservatur.
332 3275 387 3331 Ubi
409 3291 475 3330 vero
489 3280 573 3329 tanta
594 3279 640 3329 ast
652 3273 807 3328 multitudo
821 3274 941 3328 cadara·
992 3277 1078 3345 juxta
1089 3274 1210 3346 antiqua
1221 3276 1339 3330 Petrum
1352 3274 1467 3331 decreta
1477 3277 1523 3332 bis
1532 3277 1563 3332 in
1573 3294 1649 3334 anno
1661 3280 1819 3339 difficultas

115 3382 198 3431 rum,
215 3370 248 3421 ut
262 3365 315 3420 boc
327 3350 419 3420 lacere
433 3362 552 3419 ditticita
566 3361 699 3429 sit,loous
713 3361 762 3417 illo
776 3379 827 3434 pro
838 3377 942 3418 coeme·
995 3365 1136 3437 temporis
1152 3364 1213 3419 lieri
1226 3364 1382 3420 concilium
1395 3381 1452 3420 non
1464 3364 1545 3434 sinit,
1557 3366 1661 3424 saltem
1672 3368 1716 3425 vel
1727 3371 1818 3427 semel

116 3454 190 3510 terio
214 3454 366 3523 habeatur,
391 3451 488 3508 ablato
509 3453 577 3507 inde
600 3450 697 3517 altari,
722 3454 751 3506 et
774 3452 802 3506 in
830 3466 864 3507 ao
879 3450 942 3508 loco
996 3453 1114 3509 anobis
1129 3453 1303 3510 celebretur.

117 3544 274 3612 consituto,
292 3541 342 3599 ubi
357 3540 490 3614 religiose
504 3545 532 3596 et
547 3558 621 3614 pure
634 3540 692 3596 Deo
707 3540 884 3598 sacrificium
899 3540 942 3596 of·
1030 3564 1096 3616 ρΑρ,
1114 3559 1236 3616 xxvnl,
1251 3591 1286 3602 -
1301 3561 1429 3629 Quatr'ter
1444 3563 1564 3634 majores
1579 3566 1785 3636 praeuertere
1814 3591 1817 3597 ‚

118 3633 186 3689 isrri
200 3632 306 3690 valeat.
542 3660 543 3663 ¹
1269 3633 1406 3705 synodum
1420 3636 1542 3690 veniunt.

183 3722 252 3779 Cas.
268 3722 365 3778 XXIV.
382 3752 413 3761 -
432 3721 465 3778 tlt
477 3720 625 3792 sepulture
639 3735 693 3776 rou
708 3719 874 3777 vendentur.
1031 3720 1282 3792 (caecutiret.)
1299 3722 1418 3787 Quando
1429 3739 1510 3778 more
1524 3723 1610 3780 solito
1624 3726 1659 3781 ad
1673 3728 1818 3800 synodum

151 3811 249 3884 (Greg.
266 3811 316 3866 lib.
333 3828 383 3878 vu,
399 3827 445 3883 cp.
461 3809 519 3880 55.)
537 3811 645 3875 onesta
659 3808 744 3865 nobis
759 3815 803 3865 est
818 3808 943 3865 Nereida
995 3809 1167 3875 convenitis,
1192 3810 1375 3881 vestimenta,
1405 3813 1434 3866 et
1462 3810 1564 3877 libros,
1590 3819 1620 3869 et
1633 3831 1703 3871 vasa
1717 3819 1819 3874 saneta

117 3900 282 3957 clarissima
295 3899 415 3966 femina,
432 3899 510 3972 quod
531 3899 568 3954 ab
583 3914 617 3954 ea
629 3902 746 3954 eentum
765 3896 875 3953 solidos
890 3914 941 3970 pro
995 3915 1062 3956 cum
1078 3899 1186 3971 quibus
1201 3903 1330 3955 vestrum
1341 3899 1538 3956 ministerium
1549 3905 1578 3958 et
1591 3901 1757 3974 injunctum
1771 3905 1815 3961 oi·

117 3988 185 4044 utic
199 4006 258 4045 sue
272 3987 426 4062 sepultura
439 3988 605 4043 tratern'rtas
622 3990 720 4043 vestra
734 3983 802 4041 velit
816 3984 940 4058 exigere,
995 3987 1094 4043 ficium
1119 3987 1275 4060 peragatis,
1292 3988 1441 4045 vobiscum
1458 3989 1575 4056 deferte,
1588 4007 1703 4046 nocnon
1733 3993 1817 4062 duos,

118 4080 211 4149 atque
224 4076 250 4134 si
263 4094 351 4149 super
366 4074 475 4132 doloris
485 4075 627 4149 gemitum
638 4075 779 4147 majorem
796 4073 942 4147 dispendit
994 4074 1039 4132 vel
1054 4080 1113 4132 tres
1127 4074 1247 4132 clericos
1262 4076 1322 4130 sive
1337 4074 1437 4142 laicos,
1449 4093 1517 4131 cum
1533 4077 1641 4149 quibus
1658 4078 1819 4136 missarum

116 4164 235 4222 studeat
256 4165 364 4223 interro
387 4163 566 4220 molestiam.
591 4164 672 4231 Quod
689 4162 713 4218 si
733 4163 774 4219 ita
789 4178 820 4218 ss
834 4161 941 4218 veritas
995 4163 1139 4222 solemnia
1154 4163 1469 4231 celebratis,vobiscum
1485 4165 1669 4234 adducits‚ut
1681 4169 1820 4240 probetur

117 4253 216 4326 babet,
231 4254 302 4329 qnia
313 4270 400 4328 grave
418 4253 519 4320 nimis,
542 4256 570 4309 et
583 4251 685 4325 procul
701 4251 789 4317 nimis
804 4255 849 4308 est
862 4269 879 4307 a
893 4266 940 4309 ss·
995 4272 1083 4328 quam
1104 4253 1268 4328 diligenter,
1280 4270 1368 4326 quam
1380 4254 1510 4310 studiose
1522 4254 1571 4311 Dei
1585 4257 1737 4313 servitium
1751 4274 1820 4331 por·

118 4343 245 4401 cerdotis
255 4343 361 4413 officio,
372 4342 497 4415 pretium
510 4341 545 4397 de
556 4347 635 4397 terra
644 4356 783 4396 concessa
793 4339 940 4412 putredini
995 4343 1099 4417 agatis.

116 4432 432 4507 querceaatdeolieno
442 4430 514 4487 valle
524 4428 704 4487 taceraluctu
715 4429 939 4502 compendium&
1022 4452 1089 4507 eff,
1105 4450 1201 4507 XXIX,
1217 4480 1252 4491 ,.
1267 4449 1342 4519 Quod
1355 4451 1473 4522 „mh-5
1486 4451 1620 4508 garmi,
1634 4452 1746 4508 conat„
1761 4455 1792 4508 i„

117 4522 153 4578 ab
167 4523 222 4579 bac
235 4538 269 4578 ss
283 4521 443 4595 patratione
454 4519 621 4576 tratsrnitas
632 4523 728 4574 vestra
741 4519 901 4590 contineat,
910 4523 940 4574 et
953 4543 979 4609 D
1304 4522 1427 4592 ptebibus
1447 4521 1507 4592 fiot.

117 4611 241 4669 molesta
253 4610 281 4669 ei
292 4609 329 4667 de
342 4615 445 4666 cataro
461 4624 518 4666 non
533 4609 646 4665 existat.
657 4607 825 4663 Hooautem
835 4606 940 4662 vitium
1030 4611 1233 4683 Experimento
1254 4610 1424 4678 didicimus,
1440 4627 1498 4666 non
1523 4612 1622 4667 minus
1637 4613 1744 4668 bonam
1759 4612 1820 4668 col·

115 4705 146 4758 et
160 4718 223 4767 nna,
238 4705 392 4774 postquam
404 4699 462 4756 Deo
473 4703 589 4755 auctore
601 4698 637 4753 ad
647 4698 833 4769 episcopatus
847 4697 939 4754 bono·
994 4701 1145 4766 lationem,
1161 4716 1250 4771 quam
1266 4698 1354 4755 etiarn
1368 4699 1521 4755 lectionem
1538 4701 1687 4770 prodesse.
1705 4700 1786 4758 Unda
1801 4719 1819 4759 a

117 4807 177 4847 rem
195 4791 384 4858 accessimus,
408 4786 581 4845 deecclesia
595 4795 695 4842 nostra
711 4787 831 4842 omnino
848 4785 938 4843 vetui·
994 4789 1130 4861 presenti
1145 4789 1316 4855 statuimus,
1329 4805 1361 4842 ur
1374 4788 1566 4861 persingulas
1582 4789 1680 4861 plebes
1692 4790 1817 4863 singulis

116 4897 195 4949 mus,
210 4885 240 4937 et
253 4895 369 4951 parram
386 4878 482 4933 denuo
493 4877 736 4934 consuetudinem
753 4891 938 4947 nequaquam
995 4877 1132 4933 Kalendis
1147 4894 1249 4932 omnes
1261 4877 1421 4949 presbyteri
1433 4894 1483 4932 seu
1501 4877 1596 4933 clerici
1608 4877 1697 4934 simul
1713 4895 1817 4934 conve-

117 4969 254 5041 usurpari
265 4966 470 5041 permisimus3
487 4964 938 5036 memoresquiadumllbraham
994 4967 1086 5036 uiant,
1103 4970 1136 5021 ut
1150 4966 1186 5019 de
1198 4965 1253 5020 ilde
1263 4981 1296 5020 ao
1311 4966 1502 5020 sacramentis
1513 4966 1630 5031 divinis,
1646 4983 1696 5023 seu
1709 4968 1744 5021 de
1758 4964 1818 5020 vita

117 5057 216 5114 sfiliis
232 5058 328 5123 Emor,
346 5055 400 5111 boo
424 5062 469 5110 est
491 5054 607 5127 Ephron
633 5052 692 5108 ulio
708 5053 798 5126 Segor
811 5050 939 5125 sepulcri
993 5060 1022 5110 et
1036 5053 1264 5120 conversatione,
1287 5059 1315 5108 et
1340 5053 1464 5126 singulis
1480 5054 1584 5110 officiis
1606 5056 1641 5110 ad
1662 5071 1712 5109 eos
1729 5051 1818 5123 perti·

117 5153 226 5202 terram
239 5144 376 5218 pretioad
388 5143 571 5199 humandum
582 5140 832 5214 corpusconjugis
843 5147 940 5212 postu·
994 5144 1132 5200 nantibus
1147 5143 1340 5198 communiter
1363 5148 1497 5198 tractent.
1524 5145 1558 5199 Et
1581 5143 1605 5198 si
1626 5143 1697 5198 sorte
1709 5140 1817 5214 aliquis

117 5235 201 5304 taret,
216 5216 344 5309 pretium
356 5232 487 5304 accipere
497 5231 603 5299 renuit,
617 5249 652 5288 ns
663 5231 849 5287 commodum
864 5230 940 5286 vide·
992 5232 1068 5289 inter
1080 5249 1130 5289 eos
1145 5231 1296 5304 negligens
1310 5236 1362 5286 aut
1377 5230 1615 5302 reprehensibilis
1631 5230 1818 5298 invenitur,a

116 5323 247 5382 returds
260 5322 398 5380 cadavera
413 5322 597 5378 consecutus.
615 5321 644 5375 Si
659 5337 727 5394 ergo
743 5322 829 5375 tanta
840 5319 939 5376 consi·
993 5321 1105 5378 ceteris
1132 5321 1304 5393 corrigatur.
1335 5320 1416 5387 Quod
1447 5320 1472 5376 si
1496 5317 1601 5390 corrigi
1623 5320 1817 5377 omninonon

118 5414 277 5473 derationis
289 5414 422 5484 paganus
436 5408 479 5464 vir
494 5407 558 5476 tuit,
576 5413 685 5480 quanto
698 5409 792 5484 magis
807 5426 871 5480 nos,
888 5411 938 5483 qui
994 5411 1148 5478 studuerit,
1165 5425 1232 5464 mox
1242 5425 1296 5465 sno
1309 5409 1446 5465 nuntient
1456 5408 1816 5480 episcopauthaoaorios

151 5611 358 5692 (esslSiouuu.
371 5608 437 5669 ileo
447 5622 544 5690 usque
554 5605 589 5664 od
600 5606 798 5683 tteiortemou
810 5604 949 5686 teguntur
966 5605 1045 5687 apud
1059 5603 1265 5666 Theodulium.
