3922 6098
143 290 186 359 ss
421 272 439 319 a
661 288 836 355 amoreis
856 281 1150 352 τεεεεεεεεετε
1168 285 1350 352 enecari
1816 291 1856 354 ae

144 427 176 485 eli
188 437 365 500 responsum
380 422 499 494 propter
520 421 725 481 innocentium
740 421 970 495 simplicitatem,
986 418 1015 491 Α
1030 416 1091 475 lom
1108 434 1211 476 eorum
1226 421 1374 478 sententia
1396 437 1456 479 non
1472 438 1490 478 a
1511 436 1566 478 suc
1578 421 1680 494 judice
1692 423 1771 482 dicta
1787 442 1856 483 con·

143 521 174 574 st
191 516 393 589 improborum
421 517 631 584 argumentosa
653 512 893 569 machinamenta
915 525 973 566 non
1029 506 1164 579 stringat.
1182 531 1197 560 »
1214 509 1355 567 litidem:
1372 534 1387 561 «
1412 511 1571 568 Duodecim
1592 513 1708 584 judices
1733 513 1857 586 quilibet

144 607 292 664 modicam
307 605 526 668 concesserunt,
542 601 682 661 Damnavi
693 601 781 658 etiam
796 617 846 658 eos
861 601 974 671 absque
1028 595 1184 670 epiecopus
1199 604 1365 668 accusatus,
1382 601 1408 656 si
1418 617 1537 658 necesse
1547 601 1750 676 luerit‚eligat,
1767 607 1856 677 aqui·

145 699 253 752 sancta
269 694 406 750 Romana
417 690 501 747 Sedis
508 692 679 748 auctoritate
690 690 904 747 interdixerunt
914 703 975 743 om·
1027 685 1084 742 bus
1100 688 1165 758 ejus
1180 704 1270 745 causa
1281 690 1363 761 juste
1374 690 1525 760 judicetur
1535 715 1543 758 ;
1555 707 1607 746 nec
1621 692 1704 763 prius
1719 694 1856 751 audiatur

145 784 234 852 aino;
250 780 385 857 quamvis
400 779 513 847 audire,
528 779 572 834 vel
584 781 728 837 discutere
741 777 975 852 metropolitanis
1029 779 1080 831 aut
1089 778 1361 834 excommunicetur
1370 778 1414 834 vel
1421 778 1581 850 judicetur,
1594 797 1683 853 quam
1694 782 1751 855 ipsi
1765 800 1815 856 ρετ
1824 801 1856 841 εε

146 889 284 930 unacum
299 884 445 927 consensu
461 868 595 924 omnium
613 867 902 941 comprovincialium
917 864 977 937 epi·
1029 863 1149 936 eligant.
1167 887 1182 916 »
1198 867 1337 925 latialia:
1355 890 1370 918 u
1385 873 1424 924 De
1433 867 1560 925 induciis
1569 885 1635 926 vero
1650 871 1854 944 episcoporum

147 978 305 1036 scaporum
321 959 360 1015 sit
374 955 491 1013 licentia
506 957 658 1014 attributa.
1029 969 1118 1024 super
1132 955 1241 1026 quibus
1255 957 1459 1024 consuluistis,
1475 956 1607 1015 diversas
1626 976 1643 1015 a
1657 960 1793 1018 Patribus
1808 978 1855 1018 re-

183 1052 239 1108 Sed
256 1067 292 1107 ne
305 1045 415 1119 aliquid
441 1047 600 1103 enormiter
623 1046 704 1118 loqui
729 1045 890 1112 videamur,
908 1059 974 1099 san-
1029 1040 1114 1115 gulas
1129 1041 1295 1100 invenimus
1310 1045 1474 1102 institutas.
1490 1045 1613 1110 Quidum
1624 1049 1701 1105 enim
1714 1051 1750 1106 ud
1766 1050 1857 1122 repel-

147 1144 262 1199 etorum
276 1140 396 1195 Petrum
406 1135 643 1192 institutionibus
654 1152 688 1192 ea
698 1150 761 1206 quaa
771 1136 834 1205 jam
846 1133 976 1191 diximus
1030 1130 1117 1188 landa
1131 1131 1336 1205 imperitorum
1351 1135 1600 1208 machinamenta,
1615 1141 1643 1194 et
1659 1155 1728 1194 suaa
1743 1155 1855 1212 prapa-

147 1229 265 1286 interim
280 1226 474 1283 affirmemus.
500 1225 712 1282 sanctissimus
734 1222 843 1296 quippe
863 1225 975 1293 martyr
1030 1220 1854 1295 randasreeponsionss‚attestsscenfirmandos,etcon·

147 1318 307 1379 Alexander
321 1316 512 1371 acllomenus
528 1331 604 1386 pape
616 1312 755 1385 ait(epiet.
768 1314 815 1380 i):
832 1334 846 1364 ι(
858 1311 888 1368 si
908 1309 975 1382 quis
1029 1307 1096 1364 eilia
1109 1308 1325 1382 episcoporum,
1338 1315 1427 1385 atque
1442 1312 1604 1370 amicorum
1625 1318 1789 1387 querenda,
1805 1335 1855 1373 an-

147 1423 217 1480 erga
249 1406 420 1479 episcopum
445 1403 488 1459 rei
513 1409 624 1459 actores
650 1401 784 1458 ltcclesiae
812 1398 977 1473 quamlibet
1030 1401 1855 1476 numetsexmensesmandeveruntoonoedi;quidam

147 1497 297 1569 querelam
313 1495 438 1566 justam,
455 1510 486 1548 se
500 1491 609 1548 babere
622 1490 787 1557 crediderit,
813 1507 870 1546 non
892 1487 975 1560 prius
1029 1490 1129 1543 autem
1143 1504 1254 1544 annum
1267 1489 1297 1545 in
1312 1506 1371 1562 quo
1396 1489 1515 1563 plurimi
1544 1493 1730 1549 concordant.
1759 1494 1855 1549 Minus

148 1584 289 1658 primates
303 1587 355 1639 eut
378 1580 450 1638 alios
470 1580 587 1653 judices
611 1596 700 1652 quam
725 1578 844 1650 ipsese
866 1576 976 1649 quibus
1029 1591 1201 1649 veroquam
1223 1593 1273 1634 sex
1294 1595 1411 1636 menses
1435 1597 1493 1636 non
1517 1581 1653 1652 reperi.»
1677 1583 1790 1638 Rursus
1805 1584 1855 1639 Ze·

149 1690 181 1732 se
195 1673 297 1730 lasum
312 1671 470 1742 existimat,
486 1669 640 1727 conveniat
655 1666 857 1734 familiaritcr;
874 1670 903 1723 et
917 1681 975 1721 nou
1031 1664 1173 1739 phyrinus
1189 1667 1298 1740 (timp
1324 1690 1340 1719 «
1364 1669 1543 1726 patriarcba
1565 1685 1632 1727 vero
1645 1670 1689 1727 vel
1714 1671 1855 1744 primates

148 1765 263 1820 tentum
279 1760 380 1829 semel,
397 1760 448 1816 sed
463 1759 636 1832 sepissime,
654 1763 686 1813 ut
698 1757 734 1813 ab
750 1757 794 1814 eis
817 1758 869 1812 aut
891 1769 975 1811 suam
1030 1758 1201 1812 accusatum
1215 1757 1409 1815 discutientes
1431 1758 1614 1832 episcopum,
1631 1776 1689 1818 non
1708 1765 1776 1818 ante
1788 1777 1854 1817 sen·

146 1851 304 1924 iustitiam,
334 1854 386 1906 aut
410 1850 524 1921 iustam
553 1847 678 1920 accipiat
705 1844 933 1903 excusationem.
960 1865 976 1894 τ)
1031 1844 1154 1901 tentiam
1168 1846 1318 1918 proterant
1340 1847 1494 1915 finitivam,
1511 1865 1602 1921 quam
1616 1850 1777 1923 apostolica
1791 1850 1855 1907 sulti

147 1941 222 1997 Item
236 1938 393 1997 Anactetus
407 1940 496 2011 (epist.
507 1941 525 1993 2
536 1954 543 1994 :
555 1960 569 1989 «
584 1937 614 1992 si
625 1935 704 1994 enim
719 1936 782 1992 sine
796 1935 920 1991 crimine
930 1950 977 1990 sa·
1031 1933 1213 2006 auctoritate,
1230 1939 1281 1991 aut
1295 1952 1377 1993 reum
1388 1937 1521 2010 seipsum
1531 1938 1714 2008 confiteatur,
1726 1943 1777 1996 aut
1805 1956 1856 2012 ρετ

63 2048 67 2056 ’
147 2029 249 2086 cordos
264 2027 332 2100 eligi
355 2027 533 2100 precipitur,
557 2025 727 2082 nullatenus
751 2026 787 2082 ab
804 2023 976 2080 hominibus
1031 2021 1201 2079 innocentes
1224 2026 1254 2080 et
1277 2024 1451 2097 regulariter
1473 2026 1656 2083 examinatos
1668 2027 1857 2083 convincatur

146 2116 321 2174 criminibus
335 2115 456 2172 irretitis
479 2115 611 2172 accusari
636 2120 686 2171 aut
710 2113 886 2172 caluminari
911 2129 975 2186 per·
1030 2115 1132 2180 testes,
1148 2111 1198 2183 qui
1213 2111 1319 2169 minori
1336 2130 1394 2170 non
1409 2113 1469 2170 sint
1483 2130 1604 2172 numero
1618 2115 1756 2188 quemilli
1770 2115 1856 2173 disci-

147 2205 284 2273 mittitur,
297 2205 398 2261 neceb
414 2203 480 2260 eliis
495 2220 583 2278 quam
600 2204 636 2260 ab
649 2203 696 2260 hia
711 2203 837 2276 quisine
853 2202 977 2258 crimine
1030 2199 1093 2272 puli
1105 2200 1234 2271 fuerunt,
1246 2217 1321 2274 quos
1335 2199 1479 2259 Dominu's
1488 2204 1691 2281 adjumentum
1707 2203 1855 2276 apostolo·

147 2298 227 2365 sunt,
252 2296 281 2350 et
307 2295 393 2365 juxte
431 2292 616 2361 electionem,
640 2293 665 2349 si
688 2293 849 2348 necessitas
878 2291 975 2361 luerit,
1030 2305 1097 2345 rum
1112 2289 1219 2362 eligere
1235 2292 1379 2363 proecepit.
1397 2314 1412 2342 a
1431 2293 1463 2348 ld
1479 2298 1533 2362 est,
1550 2293 1737 2366 septuaginta
1749 2293 1817 2348 duo.

147 2386 199 2442 snt
226 2382 284 2454 ipsi
307 2381 428 2438 volendo
456 2381 580 2440 Domino
607 2381 716 2438 servire
744 2380 894 2453 elegerint,
926 2397 979 2441 aa·¹
1065 2378 1173 2435 Multos
1190 2379 1521 2438 etiameteliossanota
1533 2380 1666 2439 Ecclesia
1681 2381 1853 2438 deuterosin

147 2472 339 2543 eerdotesque
354 2471 419 2527 sine
434 2470 556 2528 crimine
573 2471 646 2538 lieri,
662 2475 690 2527 et
702 2469 833 2527 ordinari
851 2468 974 2541 possint,
1030 2466 1076 2523 bis
1091 2468 1230 2526 omnibus
1252 2469 1403 2539 assentire,
1432 2486 1578 2529 maenum
1600 2469 1695 2526 edicta
1721 2475 1856 2543 patenter

147 2565 176 2619 et
190 2559 265 2617 talea
277 2576 330 2632 per
343 2558 443 2615 omnia
456 2560 576 2628 fuerint,
601 2559 705 2632 quales
720 2558 787 2631 eligi
808 2559 976 2615 sacerdotes
1029 2558 1263 2627 ostendunt3sed
1276 2575 1354 2616 nunc
1365 2560 1441 2632 quod
1452 2559 1681 2632 abequeinjuria
1690 2565 1797 2617 sancta
1806 2562 1854 2618 liei

142 2649 299 2723 jubentur.
329 2669 343 2699 n
367 2647 567 2722 Eutychianos
595 2648 686 2720 (epist.
714 2650 762 2717 2):
794 2669 808 2700 α
836 2645 975 2719 Quisquis
1029 2645 1162 2704 Ecclesia
1176 2646 1339 2705 dicerenon
1354 2664 1525 2722 possumus,
1542 2649 1661 2706 heulin
1673 2653 1789 2706 tantum
1800 2650 1855 2707 hoc

145 2739 196 2797 iile
210 2742 255 2795 est
281 2737 331 2810 qui
359 2736 471 2794 crimen
499 2737 638 2806 intendit,
666 2737 697 2793 in
717 2736 864 2810 judicium
879 2736 976 2792 veniat
1028 2736 1172 2805 aboletur,
1188 2741 1222 2793 ut
1236 2738 1268 2793 in
1282 2736 1416 2794 ordinata
1423 2736 1511 2794 etiam
1522 2739 1707 2796 accusatione
1717 2739 1764 2795 vin
1772 2739 1854 2796 locus

146 2843 254 2886 nomen
271 2826 313 2882 rei
325 2825 446 2893 indicet,
462 2825 613 2883 vinculum
625 2826 826 2899 inscrpitionis
841 2825 973 2898 arripiat,
1029 2824 1290 2898 maneatlegitima
1301 2826 1491 2884 detensionis.
1510 2828 1855 2901 Necapprobandey'udi·

147 2916 287 2976 custodies
297 2914 975 2988 similitudinem,habitatamendignitatieexi·
1029 2919 1176 2987 eantque
1191 2914 1292 2987 inique
1307 2915 1462 2987 objiciunt,
1474 2917 1525 2973 sed
1541 2920 1748 2976 tantummodo
1759 2918 1854 2974 vindi-

147 3004 469 3077 stimaticnspatiatur,
479 3019 515 3060 ne
526 3005 600 3060 iorte
612 3003 726 3060 noverit
735 3003 790 3061 sibi
800 3002 974 3061 attributam
1027 3019 1094 3060 aare
1108 3019 1239 3076 quaque
1254 3002 1338 3061 illata
1352 3008 1497 3076 quarunt.
1508 3006 1590 3073 Quod
1603 3006 1628 3062 si
1639 3007 1674 3063 do
1685 3007 1855 3064 delaecione

146 3096 295 3157 licentiam
303 3092 544 3161 mentiendi,cum
552 3091 973 3150 calumniantesadvindiotam
1029 3092 1106 3165 apud
1120 3108 1171 3149 eos
1186 3092 1336 3165 quaeritur,
1352 3093 1433 3149 omni
1448 3092 1582 3167 synodali
1598 3110 1723 3152 censura
1737 3100 1856 3169 postpo-

147 3189 250 3261 posoat
263 3181 428 3240 similitudo
438 3180 585 3255 supplicii.
596 3182 734 3239 »Rursus
744 3183 838 3240 isdem
849 3183 974 3239 Alexan·
989 3162 1011 3232 C
1030 3181 1097 3250 site,
1112 3181 1177 3238 auis
1200 3180 1457 3239 adinventionibus
1482 3183 1571 3240 talem
1600 3184 1662 3241 fieri
1678 3184 1853 3256 dijudicant,

147 3277 200 3334 dar
215 3275 305 3347 (epist.
321 3272 367 3343 ¹)²
389 3294 403 3323 a
428 3270 568 3327 Similiter
592 3270 617 3327 si
642 3269 814 3342 hujusmodi
838 3271 971 3345 personis
1024 3286 1115 3343 quem
1129 3271 1260 3327 accusati
1276 3270 1399 3344 implere
1410 3271 1532 3328 minime
1542 3272 1670 3340 valeant,
1681 3272 1726 3329 vel
1739 3289 1804 3346 qua
1821 3272 1856 3329 il-

147 3364 284 3438 quadam
299 3360 455 3433 sbriptura
466 3360 614 3432 quomodo
625 3360 712 3417 modo
724 3365 904 3433 permotum,
921 3364 972 3417 aut
1025 3358 1069 3417 los
1081 3360 1149 3431 jure
1163 3359 1250 3416 officii
1265 3360 1386 3417 omnino
1400 3361 1572 3433 impediant,
1588 3369 1620 3418 ut
1634 3361 1664 3417 in
1688 3362 1855 3420 sacerdotes

147 3452 292 3517 baedam,
318 3455 371 3505 eut
389 3465 442 3522 per
455 3449 514 3504 vim
528 3453 644 3506 extorta
656 3449 776 3520 tuerint,
791 3450 836 3507 vel
850 3453 884 3505 ut
897 3465 929 3505 ee
940 3448 971 3505 li·
1026 3445 1203 3504 Deiliberius
1214 3448 1549 3521 saviani.0uippe,oum
1560 3451 1722 3507 secundum
1734 3452 1853 3507 beatum

146 3541 249 3598 berare
264 3541 395 3611 possent,
411 3553 587 3610 quocunque
608 3538 645 3594 ab
673 3538 718 3595 eis
731 3539 911 3610 conscriptas,
925 3538 972 3595 vel
1025 3535 1149 3592 Paulum
1164 3535 1331 3608 apostol-um
1345 3537 1402 3610 ipsi
1422 3536 1481 3593 sibi
1502 3538 1566 3595 sint
1577 3539 1623 3596 lex
1640 3541 1729 3612 (Rom.
1747 3557 1778 3608 n,
1796 3542 1852 3612 li),

146 3625 534 3699 roborateiucrintingsnio,
542 3626 578 3683 ad
589 3625 704 3683 nulium
716 3628 759 3685 sis
769 3625 971 3700 prejudicium
1003 3612 1007 3619 ’
1027 3627 1221 3692 accusatores,
1244 3624 1361 3695 judices
1385 3629 1415 3681 et
1436 3629 1538 3696 testes,
1553 3643 1611 3684 non
1634 3629 1746 3685 ratione
1760 3629 1811 3685 sed
1826 3629 1853 3684 vi

147 3721 200 3774 ant
213 3719 422 3772 nocumentum
434 3715 585 3787 provenire
596 3731 760 3773 censemus.
782 3737 797 3766 a
825 3715 972 3772 Fabianus
1026 3713 1083 3786 ipsi
1094 3711 1208 3787 [simul]
1224 3713 1365 3770 existunt.
1375 3713 1709 3790 Satisiactionemigitur
1724 3718 1854 3774 accusati

146 3809 237 3878 (epist.
252 3805 300 3876 tl:
318 3826 333 3856 «
347 3805 405 3862 Nec
415 3803 495 3860 ullus
505 3821 636 3877 unquam
648 3809 807 3876 prasumat
820 3810 973 3862 accusator
1027 3801 1187 3860 sacerdotis
1202 3802 1270 3872 [sub
1282 3803 1475 3874 jurejurando
1491 3804 1614 3862 minime
1629 3806 1729 3863 dicunt
1743 3807 1852 3876 valere,

148 3894 237 3953 simul
251 3910 316 3951 esse
338 3899 367 3951 et
377 3895 469 3965 judex
494 3898 522 3950 et
546 3893 641 3959 testis,
667 3894 807 3965 quoniam
833 3893 863 3949 in
892 3893 971 3950 omni
1028 3891 1084 3948 nisi
1097 3890 1299 3965 pluresetiam
1314 3893 1482 3950 sacerdotes
1497 3896 1610 3968 secum]
1624 3895 1782 3968 compellat
1800 3897 1855 3967 ju-

145 3984 258 4058 Judicio
269 3988 394 4056 quatuor
401 3999 543 4056 personas
554 3985 722 4039 neceseeest
732 3998 848 4056 semper
857 3983 970 4040 adesse:
1028 3981 1210 4053 rare,inique
1224 3979 1279 4036 boc
1291 3985 1476 4039 assumentes
1495 3983 1527 4038 in
1544 3966 1756 4055 testimonium,
1775 3986 1853 4058 quod

147 4073 177 4131 id
194 4077 248 4139 est,
259 4073 377 4145 ludices
391 4072 510 4143 electos,
534 4075 563 4127 et
575 4075 774 4140 accusatores,
789 4089 823 4128 ac
838 4072 973 4129 defenso·
1029 4069 1140 4139 iactum
1167 4086 1198 4125 se
1213 4069 1319 4142 legisse
1330 4070 1446 4141 J'actant
1469 4071 1500 4126 in
1524 4071 1639 4129 actibus
1654 4075 1852 4130 Romanorum

148 4179 206 4234 res,
221 4167 310 4234 atque
323 4165 423 4218 testes.
440 4184 455 4212 »
471 4159 550 4216 Felix
564 4158 672 4231 quippe
683 4161 725 4217 ait
740 4163 827 4234 (epist
846 4163 890 4231 2lz
908 4185 922 4212 κ
942 4160 973 4217 Si
1028 4157 1213 4231 pontificum.
1229 4158 1300 4214 Nam
1318 4159 1396 4232 quod
1423 4160 1459 4216 de
1474 4159 1601 4218 Damaso
1615 4165 1644 4218 ει
1658 4162 1748 4231 Sixto,
1766 4168 1854 4235 atque

149 4251 429 4325 quisepiscopuaab
441 4248 500 4305 illis
515 4249 735 4306 accusatoribus
750 4251 801 4321 qui
816 4249 975 4322 recipiendi
1027 4245 1202 4320 Symmacho
1215 4246 1432 4305 venerabilibus
1446 4248 1635 4322 pontissolbus
1650 4252 1808 4319 invenitur,
1819 4269 1854 4308 eo
1896 4307 1899 4312 Α

150 4343 231 4409 sunt,
247 4340 333 4397 luerit
344 4342 511 4405 accusatos,
523 4341 680 4409 postquam
695 4338 757 4410 ipse
770 4339 806 4394 ab
821 4339 864 4396 eis
878 4338 975 4395 chari·
1029 4336 1107 4408 quod
1123 4336 1193 4391 dum
1206 4335 1410 4408 aquibusdam
1419 4338 1566 4410 perversis
1576 4340 1612 4396 de
1622 4340 1796 4397 criminibus
1807 4356 1854 4395 ac-

149 4429 240 4486 tative
254 4432 414 4486 conventus
428 4425 524 4497 inerit,
534 4429 567 4482 ut
576 4427 671 4498 ipsam
686 4443 806 4483 oausam
818 4429 974 4484 emendare
1029 4429 1212 4493 conarentur,
1222 4424 1350 4482 collectis
1359 4426 1564 4499 episcoporum
1576 4427 1706 4483 conciliis
1715 4428 1852 4499 synodice

150 4517 266 4588 debeat,
283 4524 312 4575 ει
325 4535 390 4574 eam
406 4516 548 4587 corrigere
572 4515 716 4577 nolueritz
738 4532 797 4573 non
812 4516 893 4585 olim,
923 4517 973 4574 sed
989 4527 1013 4593 p
1028 4514 1145 4589 purgati
1158 4517 1239 4582 sunt,
1254 4513 1311 4571 hoc
1324 4531 1355 4570 se
1379 4514 1426 4572 his
1448 4516 1545 4573 verbis
1558 4515 1675 4588 penitus
1690 4515 1853 4590 intelligere

148 4610 219 4664 tunc
232 4609 269 4664 ad
282 4622 416 4664 summos
431 4604 572 4677 primates
587 4606 751 4677 causaejus
765 4605 905 4664 canonice
919 4607 972 4664 de·
1028 4603 1166 4668 fatemm,
1183 4603 1261 4675 quod
1277 4619 1379 4660 omnes
1403 4603 1532 4676 praedicti
1551 4604 1678 4676 episcopi
1694 4619 1763 4661 oum
1778 4605 1852 4679 ipsis

149 4697 269 4767 ιετειειτ,
281 4695 373 4768 quiin
388 4708 517 4765 congruo
527 4690 590 4749 loco
601 4693 677 4749 inira
687 4693 782 4766 ipsam
793 4695 973 4767 provinciam
1029 4693 1230 4767 pontificibus,
1246 4708 1298 4764 ρτο
1313 4693 1404 4750 illatis
1416 4695 1568 4766 jomssent
1577 4693 1850 4769 criminibus,qnasi

149 4791 281 4860 tempore
296 4798 435 4856 congruo,
447 4780 476 4837 id
491 4784 537 4838 est
546 4781 720 4851 autumnali,
731 4780 776 4839 vel
785 4784 895 4856 estivo,
906 4800 975 4842 con·
1029 4799 1088 4840 non
1102 4798 1153 4839 eos
1163 4781 1494 4855 propriatantnmmodo
1503 4781 1667 4839 absolverat
1681 4783 1849 4853 satisfactio,

150 4875 252 4932 cilium
268 4870 441 4945 regulariter
455 4886 613 4927 convocare
638 4871 798 4941 debebunt,
826 4873 867 4930 ita
887 4878 920 4930 ut
937 4874 975 4929 ab
1030 4871 1088 4928 nisi
1102 4870 1157 4927 boo
1183 4871 1273 4926 etiam
1298 4869 1501 4943 predictorum
1526 4872 1706 4928 confratrum
1722 4873 1851 4927 iirmaret

150 4962 290 5021 omuibus
305 4961 439 5032 ejusdem
455 4959 607 5031 provincia
622 4959 768 5032 episcopis
783 4960 854 5018 inibi
871 4963 974 5019 audia-
1025 4960 1146 5033 juratio.
1163 4960 1253 5018 Nobis
1269 4963 1366 5016 tamen
1391 4959 1469 5031 quod
1492 4959 1534 5016 sic
1558 4960 1780 5034 intelligendum
1800 4959 1849 5032 sit,

150 5055 210 5108 tur.
222 5052 283 5115 Quo
292 5048 357 5122 ipse
367 5052 396 5104 ει
406 5046 771 5128 regulariterconvccatus,
782 5050 806 5105 si
815 5066 883 5106 eum
892 5051 973 5107 iniic-
1029 5066 1128 5106 revera
1139 5065 1196 5105 non
1212 5053 1302 5121 patet.
1318 5047 1408 5104 Plane
1422 5049 1501 5104 enim
1513 5066 1531 5106 a
1544 5049 1692 5121 praediotis
1705 5048 1851 5121 episcopis

151 5138 250 5208 mitae,
267 5136 391 5194 autalia
413 5137 511 5210 gravis
534 5138 692 5194 necessitas
721 5154 779 5193 non
805 5139 973 5209 detinuerit,
1029 5138 1851 5211 praedictospontificespurgatoseccipimus,siipsorum

150 5227 253 5286 adesse
268 5226 400 5293 debebit;
417 5225 465 5295 qui
476 5225 554 5283 ultra
568 5225 722 5298 provincia
736 5227 880 5284 terminos
891 5245 976 5285 accu-
1028 5227 1852 5301 suggestione,propriatantummodoaatisiaetioneipsis

150 5315 235 5377 sandi
252 5320 319 5371 ante
333 5314 450 5372 licentia
466 5331 526 5371 non
550 5318 606 5383 est,
622 5331 712 5386 quam
727 5314 877 5372 audientia
890 5332 974 5388 roge·
1028 5316 1116 5372 ctiam
1132 5316 1306 5382 laventibus,
1330 5331 1382 5372 eos
1401 5316 1513 5374 alienos
1537 5319 1554 5371 a
1572 5315 1747 5373 criminibus
1761 5316 1852 5373 luisse

148 5409 206 5461 tur.
226 5427 239 5454 υ
257 5406 327 5460 lirin
341 5404 431 5460 Gaius
445 5405 534 5477 (epist.
562 5404 676 5474 unico):
695 5426 710 5453 «
735 5403 826 5459 Nemo
841 5420 973 5475 unquam
1027 5403 1178 5460 firmatum
1193 5407 1248 5460 est.
1264 5403 1320 5460 Sed
1336 5403 1361 5460 si
1381 5420 1434 5476 pro
1450 5403 1576 5474 alicujus
1586 5403 1662 5474 justi
1684 5404 1852 5460 innocentis

147 5493 316 5567 episcopum
327 5494 405 5567 apud
418 5492 754 5566 judicsssaecularesaut
763 5491 836 5547 alios
849 5490 974 5550 oluricos
1028 5493 1114 5550 alicui
1125 5492 1458 5565 placuitsacramentum
1468 5492 1596 5565 prebere
1606 5491 1851 5551 charitatiscause

149 5600 285 5642 accusare
299 5586 468 5657 prasumat.
485 5605 499 5632 n
516 5580 696 5653 zephyrinus
710 5580 801 5650 (epist.
815 5581 857 5650 l):
878 5599 889 5629 ι
905 5579 974 5640 Nul-
1027 5585 1061 5638 ut
1075 5598 1142 5640 eum
1154 5581 1199 5638 vel
1209 5579 1693 5655 sioaporsequenb‘bueliberanet,
1705 5582 1851 5640 omnimo·
