3908 6096
113 264 173 324 663
623 255 792 321 AT'I'ONIS
816 255 1108 319 vehentiahsls
1131 256 1308 320 tautecurt
1768 254 1826 316 tot

113 395 146 450 ie
160 394 236 450 omni
249 390 424 464 epistotam
444 389 543 447 auito.
571 392 691 461 Propter
714 387 980 460 interpolatoresA
1030 390 1126 445 Crotio
1141 389 1436 447 huniniaostriteru
1458 386 1563 444 Christi
1591 401 1663 443 nm
1687 385 1828 441 οιιιιιιιιι.

116 487 145 541 et
159 481 371 538 adulteratores
385 480 599 552 seripturarum
610 490 768 550 semperne
780 494 870 532 manu
887 493 942 532 sua
996 478 1061 533 Heu
1077 478 1214 534 salutatio
1229 494 1318 532 manu
1333 475 1463 549 Apostoli
1493 474 1667 548 conseripta
1694 477 1755 542 est,
1774 489 1830 546 qua

116 571 146 628 in
162 569 241 626 omni
256 568 382 642 epistola
406 585 461 625 aua
487 568 695 625 salutationem
719 564 942 622 subdescribere
996 566 1121 639 gratiam
1136 565 1251 621 Domini
1263 564 1356 621 nostri
1371 564 1441 620 lanu
1456 562 1565 621 Christi
1579 566 1668 636 optat
1680 576 1754 619 esse
1766 579 1830 619 oum

115 662 252 726 metatur,
268 662 302 713 ut
315 658 371 714 sub
387 657 506 713 nomine
518 657 583 728 ejus
594 654 726 728 Epistola
741 659 858 726 accepto
874 654 942 709 ferri
997 653 1050 710 eis.
1066 654 1163 710 Amen.

116 765 175 805 non
187 747 292 820 possit,
308 762 371 818 qua
386 762 445 801 non
460 744 548 801 fuerit
561 760 652 800 manu
676 744 741 814 ejus
765 743 942 815 subscripta.
1069 744 1145 798 Finit
1160 739 1427 814 Epistolaeaecuodae
1439 740 1477 797 od
1493 740 1767 798 Thmatonimus.

455 1047 763 1143 EPISTOLA
798 1047 818 1140 Ι
852 1046 936 1140 AD
971 1044 1348 1141 TIMOTHEUM
1382 1043 1488 1137 (¹2⁹⁵.

395 1376 661 1433 ARGUMENTUM.
999 1383 1103 1434 rentur
1117 1377 1154 1433 ad
1170 1376 1232 1432 beo
1241 1376 1372 1444 colenda,
1385 1391 1449 1448 que
1458 1371 1826 1432 carnaliterdataiuerant

152 1467 325 1523 Timotheus
337 1464 742 1521 illiusiuitmulieristudree
754 1466 945 1539 tidelis,patre
999 1468 1074 1535 Quid
1089 1468 1166 1522 enim
1182 1482 1257 1538 opus
1280 1470 1336 1530 est,
1359 1464 1598 1539 generationum,
1626 1477 1708 1535 quaa
1726 1466 1836 1519 ennam

117 1555 227 1623 Creon,
240 1556 324 1625 eujus
337 1553 573 1625 oausapervulus
590 1554 759 1609 oiroumnidi
770 1572 827 1610 non
838 1557 944 1628 potuit.
999 1570 1064 1612 esse
1076 1553 1207 1610 infinitas
1218 1569 1269 1626 per
1284 1553 1446 1622 traducem,
1462 1552 1556 1608 faeere
1579 1550 1774 1608 mentionem
1788 1566 1824 1616 30

118 1643 172 1710 Qui
184 1644 281 1698 studio
293 1643 395 1698 matris
405 1658 464 1699 suae
475 1658 575 1698 saurae
586 1642 700 1699 litteras
713 1643 944 1716 didioit,quibus
1000 1642 1269 1716 quid‚etquetenue
1280 1641 1390 1697 iactum
1401 1644 1446 1697 est
1456 1641 1512 1697 sub
1523 1654 1713 1712 unoquoque
1722 1654 1831 1707 sorum,

118 1747 235 1803 operam
250 1730 438 1787 dansbonam
448 1730 503 1786 sibi
515 1729 604 1786 vitam
615 1730 761 1788 instituit.
775 1733 859 1788 Hune
870 1735 946 1804 Apo·
1000 1737 1028 1788 et
1044 1748 1101 1787 non
1118 1730 1216 1804 potius
1231 1729 1467 1803 compendioper
1490 1728 1578 1784 fldem
1605 1728 1830 1799 salutemque·

117 1819 211 1876 stolus
220 1835 287 1875 oum
296 1818 439 1875 voluisset
450 1834 610 1887 assumere,
622 1819 720 1876 solens
733 1820 873 1877 idoneum
885 1821 947 1877 iore
1001 1835 1065 1876 rere
1079 1819 1093 1874 ‘l
1106 1819 1178 1876 inde
1191 1818 1269 1874 enim
1285 1817 1462 1889 questiones
1487 1816 1637 1887 oriuntur,
1657 1830 1736 1872 enm
1754 1814 1830 1889 qnid,

116 1908 348 1980 dispensatorem
354 1906 525 1980 evangelion
532 1907 769 1973 veritatis,oausa
779 1908 947 1966 Judaeorum
963 1912 988 1978 Β
1002 1907 1170 1980 siquando,
1181 1910 1210 1962 et
1220 1905 1377 1978 quomodo,
1390 1904 1642 1977 etqnareiaotnm
1653 1906 1716 1970 ost,
1727 1906 1829 1961 tracta·

116 1995 286 2068 compulsus
301 2000 346 2051 est
356 1996 564 2052 oiroumoidera
574 2012 643 2052 eum
653 1997 846 2064 ,instantibus
857 1998 947 2066 siant
999 1999 1066 2052 tur:
1083 2012 1147 2069 qua
1163 2008 1211 2050 res
1223 1993 1347 2067 impedit
1356 1992 1492 2050 salntem.

117 2083 168 2156 qui
183 2083 385 2140 matreludea
395 2088 482 2140 natus
492 2089 580 2151 esset,
590 2083 821 2142 inoiroumoisos
831 2088 944 2143 assumi
1036 2086 1220 2141 Finieuutem
1234 2082 1552 2155 praeceptieetchoritns
1578 2080 1618 2138 de
1643 2080 1734 2139 corde
1754 2098 1828 2157 prro,

117 2189 176 2229 non
191 2172 310 2228 deberet
324 2173 360 2227 ad
377 2172 579 2244 magisterium
606 2179 724 2245 propter
739 2174 944 2231 testimonium
1000 2178 1025 2230 et
1037 2175 1207 2229 emorientis
1223 2173 1302 2242 bueo,
1319 2175 1345 2226 et
1358 2170 1411 2243 fide
1434 2186 1490 2227 oon
1515 2170 1670 2226 ιίιιιιιαιιιι
1695 2186 1716 2226 o
1739 2170 1830 2245 peiles

118 2260 245 2335 generis.
256 2261 340 2316 Huno
351 2262 487 2331 ergojam
502 2266 633 2316 ereetum
642 2261 813 2333 episcopum
825 2262 947 2319 instruit
1000 2261 1114 2333 puidam
1123 2267 1250 2316 errantes
1264 2260 1387 2315 conuersi
1397 2267 1462 2315 eunt
1474 2259 1506 2313 in
1516 2259 1728 2331 mnitopuium,
1744 2261 1830 2317 mu·-

119 2366 172 2422 per
181 2348 342 2421 Epistolam
350 2350 496 2419 quomodo
506 2349 944 2407 deberetllooloeiamordinare.
998 2354 1039 2405 tes
1052 2365 1109 2405 eree
1124 2349 1193 2420 lepis
1205 2348 1336 2413 doctores,
1359 2362 1417 2402 nou
1439 2347 1635 2418 intellipentes,
1658 2362 1758 2420 neque
1777 2362 1829 2419 pne

154 2437 234 2509 (Car.
250 2437 287 2506 ι.)
305 2437 409 2492 Pontus
431 2437 576 2509 apostotus
595 2437 699 2493 Christi
720 2440 784 2494 lm
796 2439 945 2496 secundam
1001 2438 1204 2509 dicunturque
1214 2436 1248 2492 de
1260 2437 1360 2507 quitur
1371 2435 1523 2508 affirmant.
1536 2434 1686 2499 Quoniam
1698 2436 1827 2493 omnium

117 2527 266 2598 imperium
276 2527 330 2581 Dei
340 2526 494 2582 Sntootorie
519 2527 609 2581 aratri
632 2528 696 2582 teau
709 2527 810 2583 Christi
824 2530 882 2600 spei
895 2544 944 2583 ao·
1001 2526 1094 2596 major
1109 2531 1153 2582 est
1167 2525 1305 2589 ebaritas,
1321 2524 1398 2580 bane
1414 2524 1502 2580 tinem
1517 2539 1582 2579 esse
1613 2522 1704 2591 dixit,
1729 2524 1761 2580 id
1777 2528 1828 2585 eat.

116 2622 192 2678 obre,
208 2615 341 2670 Timotlteo
351 2629 485 2685 parmeno
494 2614 557 2684 filio
571 2616 602 2669 ia
624 2614 689 2684 fide,
714 2616 815 2686 pratia
831 2617 944 2672 mireri-
998 2613 1199 2687 perfeetionis,
1215 2613 1499 2669 consummationem
1515 2611 1651 2668 omnium
1667 2617 1825 2686 praerepto·

115 2702 223 2770 cordia,
236 2718 295 2774 pax
309 2719 327 2757 a
341 2703 395 2758 Deo
409 2703 493 2756 Putre
506 2711 532 2756 et
549 2701 659 2758 Christo
679 2704 743 2759 lesu
764 2705 879 2760 Domino
891 2720 945 2760 ao·
1000 2720 1078 2770 rum,
1094 2702 1119 2759 ei
1133 2707 1232 2757 tamen
1245 2718 1280 2757 ex
1293 2702 1381 2757 eorde
1395 2716 1469 2774 puro
1484 2700 1524 2756 sit
1537 2704 1567 2756 et
1577 2701 1658 2757 bona
1678 2702 1828 2759 eoneeien-

116 2799 181 2846 etro.
195 2790 301 2856 Patris,
312 2794 342 2845 et
356 2789 419 2845 Filii
436 2789 559 2862 imperio
587 2789 760 2863 Apostolum
789 2808 820 2847 se
833 2793 944 2848 iactum
999 2790 1050 2849 tia.
1070 2790 1144 2847 Vera
1156 2791 1233 2846 enim
1248 2788 1375 2846 ebaritas
1399 2804 1456 2844 non
1484 2791 1580 2862 potest
1606 2787 1725 2846 malam
1741 2791 1825 2847 vitan

118 2878 259 2946 ostendit,
274 2882 308 2934 ut
323 2879 353 2933 in
368 2878 427 2934 Deo
444 2878 527 2934 Patre
541 2877 677 2950 salutem,
694 2885 722 2935 ot
736 2879 851 2937 Christo
872 2881 944 2938 Filio
999 2878 1118 2946 habere,
1133 2895 1186 2935 neo
1201 2874 1486 2947 simulatam'tidem,
1500 2877 1529 2932 in
1545 2877 1657 2949 quibus
1669 2879 1776 2935 omnis
1788 2876 1828 2935 lex

118 2969 182 3039 eJua
197 2983 280 3039 spem
296 2966 476 3040 predioaret,
493 2972 525 3022 ut
535 2967 605 3039 quia
620 2983 706 3023 nemo
719 2974 807 3041 negat
818 2970 943 3026 salutem
998 2968 1149 3040 impletur,
1165 2971 1193 3023 et
1207 2967 1364 3040 pmpbetre.
1381 2964 1504 3031 Quidam
1534 2970 1633 3022 autem
1658 2965 1827 3025 ludaeorum

118 3072 184 3113 esse
199 3055 229 3110 in
247 3059 312 3123 heo,
331 3067 384 3110 neo
403 3055 563 3126 quisquam
579 3055 820 3129 dubitaretspem
837 3073 902 3114 esse
916 3058 945 3113 in
962 3066 984 3130 (J
1002 3057 1175 3129 mysterium
1191 3055 1264 3130 legis
1279 3056 1458 3129 ignorantes,
1475 3060 1504 3111 et
1519 3049 1752 3128 prophetarum,
1767 3055 1829 3129 aab

121 3143 236 3200 Christo
247 3143 327 3213 lesu,
339 3158 456 3215 quemn
471 3144 597 3199 mortuis
608 3144 946 3218 excitatum,exemptum
1001 3160 1096 3216 usque
1112 3145 1148 3200 ad
1159 3144 1309 3201 Christum
1322 3143 1466 3200 servande
1481 3147 1552 3199 sant
1575 3142 1698 3211 tradita,
1720 3160 1827 3201 errare·

122 3232 213 3303 huJus
229 3233 292 3302 spei
305 3232 423 3288 dedisse
440 3238 637 3304 eognosoeret.
660 3233 719 3289 Hoc
744 3234 830 3290 modo
845 3235 948 3291 scribit
1001 3233 1239 3307 runt,pradioato
1254 3232 1380 3300 Christo,
1393 3236 1422 3288 et
1434 3230 1529 3305 legem
1544 3232 1692 3288 laetorum
1717 3233 1750 3289 in
1765 3248 1828 3290 neo·

123 3321 288 3389 Timotheo,
302 3325 553 3376 uteeeurusesset
564 3322 866 3394 deeuaordinatione,
878 3324 948 3395 quia
1000 3322 1117 3389 meniis,
1133 3326 1162 3377 et
1176 3319 1408 3389 uirenmriaione,
1424 3325 1454 3377 et
1468 3320 1826 3379 esuisdisoernendisaor·

124 3408 249 3480 imperio
264 3408 369 3476 Petris,
396 3413 425 3463 et
439 3407 502 3462 Filii
532 3408 642 3464 electus
660 3410 945 3468 estaddooendum.
1000 3410 1061 3465 vari
1077 3411 1192 3466 debera.
1205 3411 1313 3466 ldoiroo
1328 3410 1357 3464 in
1373 3407 1576 3482 vaniloquium
1592 3409 1664 3465 dioit
1695 3426 1748 3467 eos
1769 3426 1828 3467 aare

122 3497 214 3560 Quem
226 3512 326 3551 verum
339 3495 442 3550 Filium
454 3496 592 3567 appellat,
604 3497 655 3552 sed
665 3497 696 3552 in
708 3498 775 3565 lida,
787 3499 865 3554 siout
875 3501 948 3555 dicit
1000 3514 1166 3566 conversos,
1183 3497 1252 3569 quia
1264 3498 1402 3554 volebant
1416 3498 1520 3554 dooere
1548 3514 1612 3570 qu·
1641 3497 1827 3571 ignorabant

121 3584 158 3640 ad
174 3582 360 3639 Corinthios:
380 3584 534 3639 interisio
561 3587 639 3640 euim
666 3588 738 3657 lesu,
768 3587 874 3658 inquit,
900 3606 948 3660 per
1036 3588 1142 3642 seimon
1155 3590 1247 3642 naum
1261 3588 1326 3658 puin
1354 3586 1423 3642 boun
1442 3587 1583 3654 outtemei
1595 3588 1829 3659 puirmlepitiare

120 3671 364 3740 Etrunpetiumepu
378 3688 423 3727 uos
438 3674 521 3743 portui
535 3675 560 3743 (l
573 3673 634 3729 Cor.
664 3692 704 3738 iv,
720 3675 775 3747 15).
801 3676 866 3732 ileo
881 3693 948 3733 vera
1000 3679 1236 3732 molemonium
1258 3675 1360 3731 habene
1382 3675 1441 3745 hoc,
1464 3675 1536 3747 quod
1553 3676 1629 3747 justo
1658 3676 1709 3732 teo:
1721 3692 1780 3734 noir
1793 3684 1830 3733 est

121 3760 479 3832 ethrmageneratioest,
497 3762 832 3835 quaenesoitoooasum,
856 3765 949 3821 nescit
997 3766 1109 3836 poeito5
1136 3765 1250 3835 injustis
1277 3779 1340 3820 uero
1368 3772 1394 3820 et
1423 3764 1665 3837 inobsequentibus
1693 3766 1829 3839 impetrat

122 3849 251 3914 morbos,
265 3855 293 3904 et
303 3849 512 3921 pestilentiam,
529 3855 557 3905 et
572 3868 636 3922 qu·
651 3853 767 3923 ignorat
794 3854 902 3909 famem
917 3859 947 3910 et
999 3853 1196 3925 peccatoribus,
1208 3853 1328 3908 scelestis
1342 3857 1367 3908 et
1393 3855 1532 3924 prolenis,
1555 3853 1709 3924 parricidis
1733 3858 1761 3910 et
1771 3870 1828 3909 nro·

122 3938 414 3994 eitimllioitautem
430 3939 459 3994 in
476 3940 751 4010 regnolleinullius
767 3957 862 4013 egere,
878 3943 948 4014 quia
1000 3942 1111 3999 iricidir
1138 3946 1165 3998 et
1201 3942 1424 4012 semirotoribur,
1448 3942 1602 4006 homicidia,
1640 3943 1830 3999 maruntium

121 4027 222 4082 lutura
236 4031 281 4082 est
296 4027 383 4083 domo
400 4027 446 4082 Dei
458 4027 664 4085 immortalitas
681 4029 808 4102 gloriosa
817 4030 847 4085 ia
859 4048 948 4101 regno
1001 4031 1229 4098 macuhitoribua,
1252 4032 1412 4103 planioriis,
1436 4030 1622 4097 mordacibus,
1644 4032 1783 4104 perjuris,
1806 4036 1830 4087 ot

123 4115 172 4170 Dei
187 4119 216 4170 et
230 4114 347 4183 Christi,
364 4132 489 4187 quorum
506 4116 642 4187 gratiam,
654 4122 683 4173 et
703 4118 947 4185 misericordiam,
1001 4121 1030 4175 ei
1044 4119 1110 4191 quid
1123 4119 1201 4174 atiud
1215 4136 1290 4174 sonu
1301 4119 1430 4175 doctrine
1455 4118 1628 4184 adseruntur,
1653 4134 1719 4191 quae
1733 4126 1777 4176 ert
1789 4136 1829 4177 se·

122 4208 151 4259 et
166 4218 267 4275 paoem
281 4208 399 4274 exoptat
413 4221 480 4258 cum
497 4206 552 4259 isto
570 4221 697 4261 manere.
727 4228 730 4233 ¹
1001 4207 1122 4263 eundum
1132 4207 1317 4281 Kooapetium
1330 4209 1432 4280 pieriae
1448 4208 1522 4263 beati
1535 4208 1594 4276 llei,
1604 4208 1673 4279 quod
1693 4208 1831 4266 modiin

159 4292 236 4347 Sicut
249 4292 348 4364 ropoui
361 4294 388 4345 te
400 4294 596 4348 eulrmonaere
610 4293 720 4365 Ephesi,
748 4311 811 4349 cum
834 4297 905 4350 irem
917 4297 949 4350 in
1003 4304 1041 4350 ert
1055 4296 1134 4351 mihi.
1151 4296 1260 4351 Bonam
1276 4311 1341 4351 esse
1356 4295 1461 4367 legem,
1477 4310 1540 4367 qne
1555 4310 1608 4367 per
1623 4295 1746 4368 Moysen
1762 4296 1830 4354 data

123 4379 525 4444 Mmedmiom,utdenuntiee
554 4381 717 4452 quibusdum
747 4400 782 4439 ne
802 4385 887 4439 aliter
899 4384 948 4439 do·
1003 4390 1056 4453 est,
1073 4401 1130 4439 non
1147 4384 1310 4457 negat3ita
1326 4390 1433 4450 tamen,
1450 4387 1483 4439 ut
1497 4399 1602 4440 sensus
1617 4384 1683 4456 ejus
1709 4385 1829 4453 solatur,

121 4472 210 4535 aaut,
225 4469 447 4524 rwueinterrdaat
460 4469 573 4539 fabalia,
586 4479 612 4524 et
624 4471 792 4538 quaeritantis
816 4434 986 4543 infitiatafl
1003 4478 1031 4527 et
1047 4471 1195 4543 quomodo
1211 4473 1280 4527 data
1294 4477 1349 4537 est,
1362 4471 1529 4542 recipiatur.
1546 4471 1598 4528 Hie
1614 4473 1694 4528 enim
1721 4473 1780 4530 seit
1792 4472 1832 4529 le·

123 4573 184 4628 porr
198 4558 358 4628 questionae
371 4561 514 4628 praetant,
529 4560 621 4629 mepte
637 4574 718 4630 quom
739 4559 949 4629 ratificationem
1003 4576 1080 4631 gem,
1097 4565 1124 4615 et
1139 4576 1199 4631 qua
1213 4576 1302 4614 eausa
1316 4561 1384 4614 data
1399 4560 1447 4625 eit,
1464 4560 1514 4631 qui
1529 4559 1698 4632 predicatio
1714 4561 1832 4619 Christo

124 4646 182 4709 Dei,
195 4661 258 4717 quae
271 4650 311 4700 ert
323 4649 353 4700 in
362 4646 423 4715 fide.
435 4645 526 4701 Filius
537 4664 554 4701 a
565 4646 648 4702 Patre
659 4646 755 4717 rogari
767 4664 825 4702 uon
836 4648 946 4714 debuit,
1003 4649 1112 4704 deserit
1122 4648 1202 4703 illam
1214 4664 1248 4703 ex
1258 4652 1348 4720 purte,
1361 4664 1418 4719 qua
1428 4648 1473 4703 lex
1485 4648 1627 4704 factorum
1643 4650 1831 4722 appellatur;

123 4734 173 4790 sed
188 4739 305 4805 propter
319 4734 473 4790 eharitatis
488 4735 635 4801 allectum,
652 4742 680 4790 et
706 4741 738 4791 ut
765 4736 807 4790 itti
825 4738 949 4792 turmam
1003 4736 1081 4793 eirea
1095 4736 1281 4792 dilectionem
1292 4741 1391 4791 erilem
1410 4738 1457 4793 hei
1473 4741 1573 4793 utatur
1584 4754 1627 4806 aa,
1638 4744 1833 4806 ·asser·ena,et

123 4822 950 4897 humilitatisostenderet,obseuratepisoopuseoepisoo·
1004 4826 1155 4881 affirmans
1172 4825 1432 4893 queaSalvatore
1462 4826 1541 4881 diota
1565 4829 1645 4896 sunt,
1675 4842 1693 4882 a
1719 4827 1834 4903 lugeat

123 4928 194 4985 pum
210 4927 309 4976 suum,
326 4926 362 4967 ne
377 4916 524 4982 pateretur
551 4913 668 4968 ludoos
697 4913 781 4969 aliter
795 4914 947 4986 populum,
1003 4915 1164 4991 prophetis.
1183 4914 1234 4969 ilio
1245 4914 1323 4970 onim
1339 4912 1470 4987 legitimo
1485 4913 1660 4987 utiturlege,
1674 4916 1727 4987 qui
1738 4920 1834 4988 petest

122 5018 211 5072 quam
222 5001 258 5056 ab
271 4999 409 5071 Apostolo
420 5001 599 5069 tradebatur,
616 5003 729 5070 dooere,
753 5019 806 5058 nee
822 5003 948 5060 obleeta-
1004 5004 1169 5059 dieoernsre
1188 5019 1233 5071 ea,
1248 5018 1313 5073 que
1328 5003 1364 5058 ed
1383 5009 1501 5075 tempus
1525 5004 1595 5059 data
1622 5009 1704 5068 sunt,
1732 5006 1771 5061 ab
1785 5004 1833 5062 hia

122 5098 223 5146 rentur
235 5087 353 5155 fabulis,
369 5105 443 5160 quas
455 5107 573 5146 narrare
583 5092 714 5146 consueti
726 5092 899 5147 sunt-ludaei
913 5094 948 5147 do
1004 5109 1067 5164 que
1080 5097 1221 5163 perpetue
1231 5097 1301 5147 sunt
1313 5108 1320 5156 ;
1334 5097 1364 5146 et
1378 5108 1442 5164 quer
1458 5094 1493 5147 ad
1504 5092 1610 5149 Christi
1627 5091 1778 5164 pertinent
1787 5110 1833 5151 sa·

122 5179 440 5248 generationesuarum
453 5179 599 5248 originum
611 5179 947 5250 deabrahummtlsaac,
1003 5186 1199 5243 uramentum,
1217 5179 1323 5235 servari
1337 5180 1399 5249 jem
1417 5180 1444 5234 in
1462 5181 1593 5235 laturum
1612 5196 1669 5235 nou
1684 5186 1830 5253 oportere,

122 5269 274 5321 etcaeterie
292 5265 479 5338 patriarchis,
495 5267 574 5322 etde
589 5267 823 5338 circumcisione,
847 5270 947 5336 ethis,
1003 5270 1088 5341 quasi
1112 5274 1254 5324 venturus
1277 5270 1414 5324 credatur
1439 5270 1488 5341 qui
1510 5270 1573 5339 jam
1599 5269 1688 5325 venit.
1715 5268 1747 5325 Bi
1761 5286 1830 5344 ergo

122 5367 186 5419 que
203 5365 302 5421 postea
317 5356 425 5412 tradita
440 5359 542 5410 sunta
569 5356 677 5426 Moyse,
703 5373 738 5412 ne
756 5356 948 5412 circumveni·
1002 5358 1101 5413 omnin
1116 5357 1188 5413 loeis
1203 5358 1265 5412 sirie
1289 5356 1481 5429 aouipiantur,
1512 5359 1588 5414 bona
1614 5362 1702 5427 eunt;
1729 5359 1830 5432 siquo

160 5493 251 5564 (1205)
262 5497 355 5565 liujus
370 5496 513 5568 Epistola,
527 5502 558 5552 ut
569 5501 597 5553 et
611 5498 735 5553 duarum
761 5498 944 5571 superiorum
964 5503 1170 5573 argumentum
1187 5505 1215 5557 et
1230 5498 1372 5572 expositio
1390 5497 1489 5557 llilarii
1505 5499 1693 5559 dianoni-est.
