3908 6096
71 252 130 320 att
512 259 734 330 auuoatrto
756 262 808 326 AD
830 265 1091 335 consumpsit
1113 270 1337 339 RECLUSAM.
1720 274 1780 336 918

70 391 217 465 pertineat
231 389 319 461 viam,
336 393 373 452 ad
387 411 480 452 unum
495 395 560 468 iter,
571 398 607 455 ad
623 416 713 456 unam
729 398 895 459 felicitatem
910 402 938 470 Α
952 410 1035 463 tuam
1051 405 1108 462 nisi
1123 423 1197 480 quos
1212 408 1273 465 scio
1288 405 1445 465 solitarios.
1462 406 1497 462 tlt
1511 403 1536 463 si
1552 407 1718 479 perveneris
1739 407 1776 466 ad
1798 440 1802 459 2

71 480 221 538 hminem
236 482 356 539 dflsssssst·
952 513 1012 568 eos,
1025 514 1083 553 non
1098 498 1285 570 acquiescent
1299 497 1359 553 haec
1375 497 1468 554 lacere
1482 503 1601 570 propter
1623 495 1776 554 humilita-

302 576 367 630 Cer.
385 574 406 630 l.
423 606 457 617 -
468 577 505 633 De
518 577 664 636 charitate.
952 590 1021 642 tem.
1038 586 1094 642 Sed
1109 587 1164 643 hoc
1179 586 1338 644 iaciemus:
1355 587 1472 659 quando
1487 585 1609 643 veniunt
1623 585 1776 644 afferentes

108 659 182 715 Cum
196 660 286 734 igitur
299 662 334 717 de
350 662 487 734 plurimis
501 666 661 723 virtutibus
689 672 718 725 te
740 670 897 727 admonere
950 675 1064 732 venalia
1078 693 1142 748 que
1153 683 1321 749 operantur,
1337 676 1423 732 dicite
1438 693 1490 732 vos
1504 692 1599 732 emere
1609 674 1682 731 velle
1698 677 1776 747 quod

71 747 245 817 dessidffl'em’
258 750 386 822 primum
402 768 469 808 cum
483 756 574 812 ΡΕΠῙΟ
589 758 719 829 ³P0⁸t⁰l⁰
737 759 847 827 horim,
864 765 897 816 ut
950 766 1099 835 vendunt;
1115 772 1226 822 etcum
1241 766 1375 821 vonerint
1388 767 1417 819 in
1432 765 1565 833 domum,
1585 765 1711 838 pretium
1727 782 1778 821 ac-

70 837 221 936 charitatis
238 838 374 896 virtutem
400 845 467 898 ante
495 847 594 901 omnia
621 847 728 904 hahere
757 848 895 905 studeas:
951 855 1076 927 cepturi,
1088 856 1219 912 dicemus
1234 855 1276 911 eis
1292 860 1324 910 ut
1339 854 1447 910 saciant
1459 854 1620 911 orationem
1632 871 1683 927 pro
1694 870 1738 926 ea,
1749 859 1777 912 et

70 941 141 1014 quia
158 926 235 981 aicut
249 927 334 998 panis
349 930 488 988 omnibus
504 933 577 990 cibis
592 935 696 991 melior
710 941 764 1006 est,
777 938 896 994 itacha·
951 944 1130 1015 credoquod
1148 942 1375 1000 sanabiturfilia
1403 949 1463 1000 tna.
1494 945 1638 999 Exeuntes
1665 944 1777 1000 veroin

70 1014 564 1089 fit³⁵⁰m¹¹0³anteoeffittitiuies.
581 1027 609 1078 θῑ
633 1024 709 1080 sicui
737 1025 801 1082 sine
823 1044 896 1100 pune
951 1033 1078 1105 plateam
1094 1035 1267 1090 invenerunt
1282 1050 1374 1088 unum
1390 1032 1567 1088 monachum
1579 1033 1728 1089 sedentem
1744 1038 1778 1089 ut

71 1118 174 1203 mensa
184 1102 313 1159 efficitur
323 1105 418 1179 inops,
431 1109 471 1165 ita
487 1109 549 1166 siue
561 1111 702 1170 charitate
713 1113 794 1170 nulla
809 1117 895 1184 profi·
950 1123 1089 1179 venderet
1103 1122 1257 1194 sportellas
1273 1139 1353 1188 suas,
1369 1127 1399 1177 et
1412 1122 1544 1179 tulerunt
1554 1138 1621 1178 eum
1633 1139 1733 1179 secum
1746 1123 1774 1178 in

69 1195 225 1292 ottvtrtufl.
243 1193 311 1249 Sine
335 1194 477 1254 charitate
504 1216 572 1257 veta
597 1219 649 1258 nec
677 1203 821 1276 lacrymae,
844 1221 895 1261 neo
950 1212 1072 1268 domum
1088 1229 1185 1278 suam,
1198 1213 1249 1284 qui
1261 1212 1564 1284 preliumsportarum
1580 1211 1732 1284 acciperet,
1743 1215 1778 1268 Et

68 1280 185 1353 vigilia,
196 1297 248 1338 ¹¹00
263 1283 392 1382 tuditis,
407 1303 460 1343 11⁸⁰
484 1289 614 1358 θᾶθῐὶῑᾶθ,
630 1306 682 1347 110⁰
694 1291 893 1365 elteffloeyttffl.
950 1317 1017 1356 cum
1027 1300 1167 1358 intrasset
1178 1299 1341 1356 monachus
1352 1298 1400 1355 ille
1411 1300 1440 1355 ia
1453 1300 1665 1369 domum,venit
1677 1301 1775 1372 puella

68 1386 123 1425 nac
145 1374 322 1472 'martyrium
347 1373 496 1432 hominem
521 1385 645 1450 possunt
669 1379 789 1438 salvare.
817 1382 895 1438 lianc
951 1406 1014 1460 que
1030 1407 1047 1445 a
1062 1390 1205 1446 daemonio
1219 1391 1386 1462 vexabatur,
1403 1393 1432 1445 et
1447 1390 1527 1446 dedii
1541 1389 1656 1462 alapam
1673 1407 1775 1447 mona.

68 1463 192 1514 Domrnu
224 1476 257 1515 aa
285 1461 462 1536 Redemptor
490 1471 588 1524 noster
617 1469 782 1542 specialiter
810 1471 895 1528 nohis
950 1477 1003 1533 cho
1015 1477 1129 1535 illillle
1144 1484 1241 1534 autem
1258 1479 1399 1535 convertit
1413 1478 1437 1533 ei
1463 1477 1549 1533 aliam
1565 1479 1773 1536 maxillamse-

69 1549 255 1604 commendat
267 1568 275 1603 r
288 1551 351 1619 tice,
368 1551 474 1626 iuquit,
490 1557 588 1612 mendo
615 1560 699 1629 cobis,
716 1568 746 1616 ut
767 1559 895 1634 deliquiis
950 1569 1080 1624 cundum
1092 1569 1221 1624 divinum
1239 1571 1427 1640 praeceptum.
1444 1567 1560 1623 Damon
1578 1572 1769 1635 autemeam

66 1639 187 1700 moisem
209 1638 320 1714 (³⁰(ttttt-
335 1661 380 1712 ἰν,
398 1644 453 1711 tt).
470 1646 505 1701 Et
518 1645 644 1704 iterum:
660 1653 696 1705 Dt
710 1649 759 1705 hoc
784 1665 895 1722 coenos·
949 1662 1134 1730 torqueretur
1148 1657 1275 1714 clamare
1289 1656 1395 1728 coepit:
1412 1657 1434 1712 Ο
1461 1656 1598 1712 violentia
1617 1659 1771 1713 mandato·

67 1736 138 1801 Μή,
155 1733 220 1804 luta
233 1749 288 1789 Μ
301 1734 366 1789 0⁸²ss
380 1733 521 1807 dttciltttst}
537 1739 563 1792 δῖ’
576 1738 750 1794 dilectionem
765 1739 893 1796 hadwi·
950 1764 1015 1802 rum
1030 1747 1099 1803 Jesu
1110 1747 1217 1804 Christi
1230 1744 1346 1819 expellit
1362 1762 1408 1801 me
1423 1745 1510 1800 hinct
1527 1749 1561 1801 itt
1575 1747 1676 1801 statim
1688 1762 1772 1802 mun·

68 1822 105 1875 ἦ*
119 1821 155 1876 “d
166 1823 280 1878 invicem
296 1823 385 1895 (Ῐθαη-
400 1825 526 1898 ΧΗΙ,35)·
543 1825 623 1883 Hflssss
638 1828 788 1899 ⁸P⁰⁸i⁰lt¹³
802 1825 892 1885 J0ttn4
947 1837 1071 1893 dstaest
1081 1836 1189 1909 puella.
1203 1835 1276 1891 Cum
1290 1839 1387 1891 autem
1398 1835 1547 1891 venissent
1557 1851 1652 1902 senes,
1663 1835 1772 1892 indicu-

68 1909 362 1968 nesluudunsdioit:
389 1914 547 1982 Quimanel
571 1919 601 1970 ite
624 1918 771 1988 charitate,
792 1920 823 1973 ia
839 1920 892 1974 Deo
947 1931 1051 1982 verunt
1066 1926 1107 1982 eis
1123 1926 1200 1999 quod
1225 1925 1335 1980 sactum
1360 1925 1462 1993 suerat,
1491 1923 1770 1996 elglorificaverunt

68 2007 171 2068 mucel,
186 2008 213 2056 et
228 2001 340 2057 Deusta
354 2003 422 2075 coll
439 2007 522 2061 loon.
539 2021 577 2076 rv,
602 2007 657 2075 15).
688 2007 768 2063 Hanc
783 2009 893 2080 praedi·
946 2012 1040 2070 Deum
1056 2017 1084 2068 et
1098 2013 1243 2078 dixerunt,
1263 2012 1443 2068 consuetudo
1465 2011 1613 2067 diabolica
1629 2011 1771 2082 superbie

68 2093 149 2145 oator
172 2091 308 2164 egregius
333 2092 447 2148 cunctis
461 2093 618 2150 virtutibus
634 2096 791 2168 preferens
803 2098 890 2153 dicit:
947 2101 983 2157 ad
999 2100 1195 2157 humilitatem
1213 2101 1417 2156 mandatorum
1431 2100 1499 2156 Jesu
1511 2099 1616 2156 Christi
1626 2116 1770 2156 corruere.

65 2180 100 2235 si
122 2179 288 2236 distribuero
313 2184 343 2235 in
367 2182 440 2238 cibos
461 2198 621 2255 pauperum
642 2201 734 2242 omnes
748 2187 893 2259 facultates
947 2189 1171 2246 Consideremus
1187 2193 1215 2246 et
1227 2206 1292 2257 nos,
1309 2206 1325 2244 o
1341 2188 1528 2245 sanctissima
1544 2188 1772 2256 mater,humili·

64 2283 150 2336 meus,
175 2271 201 2324 et
222 2270 251 2325 ai
273 2269 410 2326 tradidero
433 2286 531 2343 corpur
552 2288 653 2341 meum,
670 2277 710 2331 ito
723 2283 754 2331 at
767 2276 890 2345 termam,
946 2284 1037 2336 tatem
1048 2280 1138 2350 hujus
1148 2278 1309 2335 felicissimi
1320 2278 1498 2346 monachici
1509 2278 1537 2332 in
1552 2283 1695 2350 quantum
1708 2295 1773 2350 pos·

64 2359 229 2413 cbontctem
251 2362 346 2414 eutem
369 2377 423 2415 con
448 2360 577 2429 lehuno,
599 2364 672 2420 nebit
700 2364 772 2421 mitt
782 2366 893 2438 prodest
947 2385 1062 2436 sumus,
1077 2368 1182 2423 imitari
1192 2384 1339 2423 curemus.
1353 2367 1380 2422 Si
1391 2366 1772 2438 igiturhumililasalterius

65 2447 90 2518 (l
101 2446 160 2502 Cor.
173 2465 234 2514 nni,
250 2448 289 2518 3).
308 2447 414 2505 Deinde
438 2451 611 2525 subjungit:
638 2452 763 2510 Charitas
784 2460 892 2526 petreae
947 2456 1125 2515 daemonium
1140 2456 1261 2530 expulit,
1278 2456 1341 2512 siue
1356 2455 1445 2510 dubio
1461 2454 1582 2511 firmiter
1597 2457 1713 2511 credere
1727 2457 1774 2511 de·

63 2541 116 2601 est,
130 2536 249 2606 benique
259 2538 400 2610 estltbid,
412 2540 439 2611 l)
451 2557 462 2604 ,·
471 2541 890 2613 potieratoleraudoadversa,
947 2546 1052 2603 bemus
1067 2548 1144 2618 quod
1158 2551 1258 2602 nostra
1267 2543 1420 2601 humilitas
1431 2544 1580 2600 diabolum
1593 2546 1622 2600 in
1634 2545 1773 2601 cordibus

66 2626 197 2695 benique,
214 2626 290 2681 bons
305 2627 481 2697 prestando.
498 2630 578 2695 Quod
594 2631 618 2685 si
635 2631 762 2688 charitas
778 2635 891 2705 patiens
947 2635 1055 2691 nostris
1066 2652 1187 2709 regnare
1202 2652 1259 2691 non
1275 2634 1360 2691 sinet.
1371 2635 1529 2690 'luncvero
1541 2651 1638 2690 veram
1654 2633 1773 2690 humili·

67 2718 113 2769 est
128 2717 216 2786 atque
230 2714 365 2788 benigna,
391 2718 476 2773 stude
500 2719 674 2776 fidelissima
697 2722 893 2781 interamnis
946 2728 1036 2780 tatem
1047 2725 1190 2780 hahemus
1199 2723 1224 2780 si
1234 2722 1774 2794 omnibusnosputamusesseinlerio-

68 2803 213 2875 patienter
237 2803 359 2862 tolerare
388 2807 520 2876 adversa,
543 2808 665 2884 ipsaque
693 2828 756 2884 que
786 2811 891 2870 toleras
947 2812 1773 2882 res,etomnihusvenerationemdeserimus,ctournia

66 2908 139 2949 out&
152 2892 282 2967 diligete·
948 2920 1011 2975 quae
1023 2902 1108 2957 nobis
1119 2900 1168 2957 alii
1181 2901 1292 2957 iaciunt
1303 2901 1433 2969 adversa,
1451 2898 1601 2955 humiliter
1611 2898 1772 2955 toleramus

277 2983 344 3039 Gar·
364 2984 397 3040 ll.
413 2987 500 3042 -De
515 2986 684 3044 humililate.
948 2994 1066 3063 propter
1080 3006 1211 3047 amorem
1228 2989 1288 3045 Dci.
1305 2989 1345 3044 De
1370 2988 1423 3043 hee
1449 2988 1555 3044 virtute
1586 2988 1727 3045 Dominus
1741 2989 1771 3043 in

104 3070 273 3128 Certissime
286 3088 352 3128 vero
368 3074 502 3130 convenit
527 3076 644 3133 credere
668 3079 744 3148 quod
766 3076 892 3134 charitas
949 3079 1102 3151 Evangelio
1119 3079 1208 3134 dicit:
1234 3079 1328 3134 Dmrrt's
1342 3079 1391 3148 qui
1403 3093 1432 3132 ac
1446 3077 1549 3132 exaltet
1564 3077 1770 3146 tramittebatur,

68 3177 221 3233 nunquam
238 3160 301 3218 sine
316 3161 481 3219 humilitate
497 3169 525 3219 et
539 3164 703 3223 obedientia
728 3167 757 3221 in
773 3167 891 3224 homine
906 3148 928 3216 G
946 3177 973 3225 et
997 3171 1046 3239 qui
1071 3184 1099 3224 se
1123 3168 1256 3223 barvillae
1279 3166 1449 3223 exultabitur
1476 3166 1552 3237 (huc.
1576 3183 1633 3222 niv.
1660 3167 1714 3234 ll).
1730 3167 1771 3221 Ex

66 3252 179 3323 regnat.
192 3249 222 3305 Si
234 3266 332 3306 veram
343 3250 482 3308 habueris
492 3252 674 3323 charitatem,
688 3271 753 3311 mox
768 3256 825 3312 eris
841 3254 892 3311 hu·
946 3258 1002 3314 isto
1017 3256 1159 3313 versiculo
1171 3257 1258 3312 etiam
1275 3256 1387 3311 discere
1402 3255 1542 3311 debemus
1571 3256 1648 3326 quod
1668 3272 1771 3327 supcr-

66 3337 147 3394 milis
158 3339 402 3410 atqueohediens.
414 3339 572 3398 Humilitas
583 3359 710 3416 namque
722 3344 828 3400 eximia
838 3344 893 3400 vir·
947 3347 995 3403 hia
1009 3346 1154 3402 contraria
1168 3346 1207 3401 sit
1221 3344 1392 3400 humilitati.
1409 3345 1494 3416 Drgo,
1511 3344 1536 3399 si
1551 3360 1615 3400 vere
1644 3343 1772 3400 humiles

65 3431 117 3482 tus
129 3432 173 3483 est
184 3443 191 3482 ε
204 3427 265 3482 hac
280 3428 315 3483 de
329 3430 453 3486 terrenis
468 3429 637 3487 hominibus
656 3433 726 3488 facit
741 3433 892 3500 caelestes,
946 3453 1011 3493 esse
1026 3435 1174 3501 volumus,
1189 3433 1357 3506 superbiam
1374 3433 1532 3506 fugiamus,
1548 3433 1618 3504 quia
1633 3432 1771 3504 superbia

66 3532 120 3589 per
135 3515 209 3571 hane
222 3515 357 3574 diabolus
377 3522 544 3592 superatur,
559 3536 611 3593 per
626 3520 701 3577 hanc
715 3523 779 3593 ejus
794 3522 892 3595 laquei
947 3525 1095 3596 dejicitur,
1124 3522 1277 3579 humilitas
1303 3522 1440 3578 elevatur.
1469 3521 1512 3576 Ad
1541 3521 1614 3576 hanc
1635 3522 1772 3577 virtutem

64 3604 204 3661 vitemur.
220 3604 267 3661 Sic
282 3606 385 3664 beatus
399 3608 543 3664 Antonius
558 3608 630 3665 dixit
644 3611 743 3667 abbati
760 3612 870 3668 Pastori
885 3629 891 3668 :
947 3615 1083 3689 princeps
1094 3612 1292 3686 apostolorum
1309 3627 1362 3668 nos
1376 3610 1480 3666 invitat
1509 3610 1650 3666 dicendo:
1670 3613 1773 3666 tlumi-

67 3694 135 3749 vidi
151 3710 252 3752 omnes
266 3695 386 3768 laqueos
402 3697 513 3754 inimici
528 3702 629 3755 tensos
644 3699 673 3755 in
688 3699 745 3772 via,
762 3705 791 3756 et
812 3699 892 3773 inge·
950 3703 1064 3760 liomini
1077 3703 1128 3759 aab
1141 3702 1246 3774 potenti
1259 3717 1349 3757 anona
1364 3701 1424 3769 Dei,
1440 3705 1469 3755 ut
1485 3715 1530 3754 uos
1544 3700 1646 3755 eacttet
1662 3702 1690 3755 in
1705 3705 1774 3756 tem·

69 3783 197 3841 miscens
213 3784 290 3840 dini:
306 3785 387 3854 Quis,
404 3792 500 3859 putas,
516 3788 637 3845 transiet
650 3789 721 3846 istos
749 3788 894 3862 laqueos‘t
946 3809 1015 3866 pare
1029 3792 1219 3849 tribulationis
1235 3790 1259 3860 (l
1273 3791 1345 3846 Petr.
1361 3807 1388 3860 v,
1406 3789 1444 3860 6).
1467 3789 1532 3844 Haec
1547 3789 1694 3845 sententia
1712 3806 1775 3844 ma-

70 3873 104 3929 Dt
118 3873 216 3928 audivi
240 3890 340 3931 vocem
365 3874 530 3931 dicentem:
560 3876 727 3933 humilitas.
753 3877 812 3933 lioc
826 3893 893 3933 vero
948 3881 1139 3938 nilestissime
1152 3878 1236 3935 nohis
1247 3878 1464 3949 insinuatquod
1479 3878 1503 3931 si
1515 3876 1775 3932 hicdumvivimus

69 3962 173 4019 bessius
189 3964 342 4032 Antonium
359 3967 391 4019 ut
406 3968 487 4036 puto,
504 3981 562 4020 non
577 3981 630 4038 pro
645 3981 676 4020 se
691 3968 806 4022 lanium
822 3965 895 4021 vidit
949 3989 1002 4028 nos
1015 3968 1170 4026 humiliare
1181 3965 1424 4033 curaverimus,in
1436 3969 1565 4036 tempore
1576 3963 1775 4021 tribulationis

69 4055 98 4107 et
114 4051 235 4124 audivit,
251 4053 301 4108 sed
318 4057 347 4109 et
362 4070 413 4126 pro
429 4053 524 4122 nobis,
540 4055 590 4127 qui
606 4058 771 4126 peccatores
782 4059 810 4111 et
822 4053 894 4112 insi·
948 4060 991 4116 vel
1009 4056 1220 4126 retributionis,
1237 4056 1335 4121 idest,
1352 4054 1382 4109 iu
1397 4053 1443 4109 die
1454 4053 1558 4124 judicii
1579 4051 1704 4120 Domini,
1720 4070 1775 4110 nos

69 4141 184 4214 pientes
197 4158 311 4212 sumus,
323 4145 352 4198 et
362 4141 448 4216 longe
458 4143 495 4200 ab
511 4142 591 4200 illius
602 4144 716 4201 meritis
727 4143 873 4200 distamus
886 4162 892 4200 :
949 4148 1042 4220 pietas
1053 4144 1231 4202 exaltabitis
1242 4143 1352 4200 coelesti
1363 4158 1463 4215 regno.
1474 4146 1539 4198 lam
1555 4158 1622 4197 vero
1637 4141 1774 4214 superius

69 4235 103 4287 ut
119 4247 172 4287 nos
182 4231 243 4287 hec
255 4232 394 4304 tegentes,
406 4237 434 4288 et
444 4233 840 4305 operecomplentes,diaboli
853 4234 894 4290 la·
949 4237 1008 4293 dini
1024 4236 1101 4308 quod
1117 4233 1255 4306 charitas,
1271 4231 1424 4288 humilitas
1438 4236 1525 4303 atqua
1549 4230 1715 4287 obedientia
1737 4231 1772 4286 ab

69 4336 162 4394 qucos
176 4320 325 4393 possimus
351 4322 452 4394 vitare,
474 4322 524 4395 qui
545 4325 664 4395 propter
686 4322 741 4379 hoc
761 4322 895 4394 inquirit,
949 4325 1074 4381 invicem
1090 4323 1219 4396 separari
1236 4338 1293 4378 noa
1309 4320 1433 4393 possint.

70 4410 217 4482 quamodo
229 4426 282 4466 nos
293 4409 428 4484 decipiet.
442 4410 632 4486 Igiturquam
641 4428 749 4484 magna
759 4411 896 4469 virtussit
1153 4414 1219 4467 Car.
1236 4410 1283 4466 ltl.
1300 4441 1334 4451 -
1349 4411 1387 4465 De
1401 4409 1568 4465 obedientia.

69 4497 331 4567 humilitas,hlarci
343 4500 431 4557 etiam
442 4500 578 4558 monachi
588 4500 796 4569 vitaiaainuat,
806 4517 893 4573 quem
911 4521 934 4586 D
985 4504 1019 4558 ut
1033 4500 1252 4574 quiahacteuus
1263 4497 1775 4556 decharitateethumilitatedictum

71 4587 174 4644 dicunt
188 4587 275 4644 etiam
292 4589 322 4644 in
336 4590 487 4660 Juventute
500 4590 585 4647 valde
596 4589 685 4646 luisse
696 4594 895 4659 mansuetum,
951 4595 1005 4660 est,
1022 4595 1112 4647 restat
1129 4595 1162 4645 ut
1172 4588 1293 4645 solerter
1308 4587 1441 4644 attendas
1452 4586 1548 4658 qualis
1558 4586 1776 4643 sitobedientiae

72 4676 216 4734 humilem
233 4694 265 4733 aa
281 4678 456 4751 sapientem,
472 4685 501 4735 et
515 4697 567 4753 pro
583 4680 729 4753 ejusmodi
740 4680 900 4735 virtutibus
954 4679 1056 4736 virtus.
1074 4680 1193 4751 Propter
1207 4675 1433 4732 inobedientiam
1445 4675 1558 4747 primus
1568 4674 1657 4730 horno
1667 4675 1778 4746 ejectus

74 4771 137 4824 tam
153 4766 256 4824 dicuat
267 4767 325 4824 Deo
340 4767 431 4825 luisse
445 4768 613 4838 amabilem,
629 4773 661 4825 ut
671 4771 741 4825 dum
757 4770 793 4824 ad
805 4767 901 4824 Domi·
955 4774 1000 4825 est
1012 4770 1047 4824 de
1062 4767 1206 4841 paradiso.
1225 4768 1406 4836 Quapropter
1432 4765 1456 4820 si
1473 4764 1540 4820 illuc
1557 4764 1600 4820 vis
1611 4765 1778 4833 ascendere,

74 4855 174 4913 uicum
190 4872 297 4930 corpus
307 4857 625 4929 accederet,angelusei
635 4863 818 4914 sacramenta
828 4875 900 4930 prae-
956 4858 1096 4915 obediens
1105 4873 1169 4912 esse
1181 4857 1276 4912 stude.
1295 4854 1329 4910 Ut
1339 4858 1438 4909 autem
1451 4870 1539 4926 quam
1554 4871 1661 4926 magns
1672 4854 1709 4910 sit
1719 4853 1780 4909 haec

72 4946 165 5002 heret.
182 4946 307 5003 Penssre
320 4962 386 5002 vero
397 4946 539 5003 debemus
549 4962 583 5002 en
593 4945 647 5002 hoc
658 4946 800 5003 miraculo
811 4964 900 5020 quam
955 4948 1049 5003 virtus
1064 4961 1217 5019 agnoscas,
1234 4944 1408 4999 miraculum
1424 4942 1476 4997 tibi
1488 4943 1525 5000 ad
1549 4944 1719 4999 memoriam
1736 4959 1781 4997 re·

73 5049 215 5107 maguum
227 5036 338 5092 donum
349 5034 388 5091 sit
398 5032 705 5106 humilitas,perqu0d
718 5038 777 5091 tam
789 5036 901 5093 amabi·
955 5036 1073 5094 vocabo.
1085 5034 1210 5100 Quidam
1227 5032 1374 5089 secularis
1389 5031 1453 5087 vitae
1478 5031 1590 5088 habens
1614 5036 1673 5086 tres
1691 5029 1779 5097 filios,¹

71 5122 110 5179 lis
125 5128 245 5197 tumque
261 5122 451 5199 acceptabilis
467 5125 525 5180 Deo
543 5123 639 5180 adhuc
664 5123 752 5180 homo
769 5124 901 5181 mortalis
957 5123 1134 5182 renuntiavit
1144 5120 1250 5179 seculo
1266 5120 1387 5177 eivenit
1403 5121 1439 5177 ad
1452 5119 1675 5184 monasterium,
1692 5115 1781 5172 relin-

72 5213 339 5271 eificiatur.hbbas
364 5213 452 5271 etiarn
477 5213 577 5270 Daniel
608 5212 783 5268 miraculum
803 5219 903 5270 narrat
958 5232 1051 5288 quens
1062 5211 1177 5268 liliosin
1189 5211 1314 5276 civitate,
1326 5214 1354 5264 et
1366 5226 1433 5264 cum
1444 5207 1548 5263 luisset
1558 5210 1676 5277 pertres
1688 5220 1782 5260 annas

72 5319 125 5376 per
136 5304 213 5374 quod
223 5301 317 5360 virtus
327 5302 503 5360 humilitatis
518 5300 693 5360 declaratur.
709 5303 777 5358 Erat
793 5306 903 5370 autem,
956 5305 987 5359 in
999 5301 1340 5372 monasterio,coeperunt
1350 5297 1541 5370 cogitationes
1553 5311 1612 5349 suaa
1625 5293 1700 5350 lilios
1710 5292 1735 5349 ei
1745 5293 1781 5349 ad

74 5390 160 5458 ait‚in
170 5391 330 5465 Babylonia
341 5390 400 5447 lilia
412 5391 566 5463 cujusdam
577 5391 638 5448 illie
650 5391 782 5464 primarii
793 5392 900 5448 daemo·
957 5391 1128 5449 memoriam
1146 5391 1312 5462 frequenter
1325 5388 1477 5453 adducere,
1494 5387 1522 5438 et
1550 5383 1782 5438 contristabatur

76 5483 160 5541 nium
175 5481 297 5537 habens.
309 5481 393 5537 Pater
408 5485 505 5537 autam
522 5480 902 5554 ejusdiligebatquemdam
957 5499 1009 5554 pro
1025 5482 1066 5536 eis
1081 5478 1174 5552 valde,
1191 5495 1284 5550 neque
1299 5481 1395 5532 tameo
1411 5473 1523 5527 dixerat
1537 5472 1634 5528 abbati
1659 5471 1735 5529 filios
1750 5489 1783 5530 se

77 5569 257 5632 monachum
273 5569 323 5644 qui
338 5570 413 5628 dixit
426 5568 471 5627 ei:
487 5569 577 5629 Nemo
592 5574 687 5645 potest
701 5570 903 5630 curarellliam
958 5571 1075 5629 habere.
1094 5568 1200 5627 videns
1211 5572 1387 5625 autemeam
1404 5562 1494 5619 abbas
1504 5560 1631 5633 tristem,
1647 5560 1781 5636 dixitei:
