3908 6096
117 288 177 345 'tet

415 283 622 347 expositio
645 284 682 344 ΙΝ
707 283 920 345 spissatas
944 283 1072 344 PAULI.
1090 315 1128 328 -
1144 283 1181 343 lN
1205 283 1544 348 sciscentibus.

1763 290 1835 352 7381

122 415 220 472 monis
234 415 308 488 (lac.
326 433 344 486 t,
360 415 398 487 2).
408 439 421 466 a
434 435 450 470 ι
462 417 493 470 ln
503 390 853 501 nos,inquit,coutlrmata
863 420 918 481 est,
930 437 943 463 n
958 419 985 484 Α
999 431 1059 485 viu,
1075 416 1102 486 5)
1116 431 1122 469 :
1142 437 1154 464 n
1171 419 1226 470 Gur
1239 433 1296 471 non
1312 416 1410 488 ipsum
1428 432 1534 473 nomen
1564 418 1713 491 Propheta
1739 425 1819 478 ante·

120 504 232 561 credita
246 509 292 561 est
306 507 395 577 atque
410 505 556 578 perlecta;
574 521 636 575 qua
652 503 743 568 salus,
768 521 832 575 quae
859 503 944 559 nobis

121 595 324 668 pereumdem
349 593 455 650 Filium
471 594 539 649 data
554 598 608 661 est,
625 596 775 665 permanet
802 593 832 649 in
858 597 944 648 aeter-

121 699 208 740 num.

159 794 175 822 «
190 772 286 828 Etiam
301 771 393 844 (1391)
408 773 592 827 contestante
607 771 665 827 Deo
680 770 772 844 signis
795 775 824 827 et
845 771 945 844 prodi·

119 861 288 935 gitst1395),
304 859 605 917 etvariisvirtutihus.
619 860 792 925 »Quomodo
804 860 945 917 testifica·

119 950 948 1022 turDeus‘iNonverbonequevoce,sedvirtutibusetpro-

120 1037 945 1113 digiis3simuletiamallluantiamsigniticansgratiarum

121 1145 189 1203 quas
203 1144 262 1185 non
276 1131 361 1183 erant
375 1126 453 1199 apud
468 1128 615 1199 antiquos,
632 1142 726 1198 neque
745 1131 828 1182 tanta
851 1127 946 1199 sigua,

999 504 1105 573 posuit,
1117 505 1168 559 sad
1179 505 1332 560 abscondit
1343 506 1357 560 ‘l
1368 506 1448 562 Facit
1458 506 1512 563 hoc
1521 506 1607 562 ctiam
1619 509 1649 562 iu
1660 508 1725 565 aliis
1735 511 1822 566 teati-

999 592 1117 659 moniis,
1133 592 1209 648 sicut
1224 610 1313 665 supra
1328 594 1436 650 lectum
1451 599 1504 651 eat.
1523 595 1663 653 Existimo
1674 599 1751 670 quod
1764 615 1821 655 non

1000 681 1216 746 abscondentis,
1229 682 1279 736 sed
1291 683 1597 751 ostendentisintuitu,
1609 688 1823 745 ostendeuseos

1001 769 1238 826 multamhabere
1250 770 1401 827 scientiam
1410 773 1675 845 Scripturarum,ut
1685 791 1737 832 nec
1749 793 1823 849 opus

1000 859 1236 915 haberetnomen
1252 860 1385 932 posuisse
1400 861 1534 929 dicentis,
1549 864 1599 918 sed
1616 864 1705 921 ueluti
1735 866 1771 922 de
1793 883 1823 923 re

1001 950 1168 1017 manifesta,
1180 949 1245 1005 etin
1257 955 1393 1021 promptu
1406 952 1566 1008 constituta
1577 953 1728 1010 induceret
1738 956 1823 1012 teeti·

1001 1039 1110 1109 monia,
1126 1038 1265 1094 dicendo:
1284 1060 1298 1088 «
1313 1039 1386 1103 Quid
1402 1045 1446 1096 ast
1457 1040 1558 1110 homo,
1573 1043 1651 1114 quod
1667 1059 1780 1100 memor
1792 1062 1823 1101 es

1002 1126 1154 1197 ejuleuid
1166 1130 1211 1182 est
1221 1127 1335 1196 hom0,»
1348 1143 1415 1182 cum
1426 1128 1822 1201 despectnpronuntiandum

121 1233 219 1291 nequa
233 1221 293 1273 tam
310 1216 425 1272 diversa
435 1216 578 1290 prodigia,
591 1220 700 1287 quanta
714 1216 781 1272 data
790 1220 859 1271 sunt
871 1219 948 1287 post·
1001 1219 1056 1282 est,
1072 1216 1101 1270 id
1118 1220 1171 1282 est,
1187 1216 1299 1287 fragilis
1318 1220 1346 1272 et
1366 1218 1494 1272 caducus
1517 1219 1584 1273 Adae
1600 1236 1719 1293 sequax,
1742 1226 1771 1277 at
1792 1223 1823 1278 in

122 1322 214 1381 qnam
228 1305 408 1380 glorificatus
420 1309 466 1361 est
474 1305 571 1362 lesus.
583 1305 716 1361 Ostendit
726 1322 794 1378 ergo
806 1304 876 1377 quia
889 1319 946 1358 non
1000 1305 1089 1360 veteri
1106 1311 1221 1376 peccato
1237 1304 1364 1376 generali
1380 1305 1520 1376 pravitate
1547 1307 1707 1365 devinctus.
1728 1310 1823 1382 Hujus

123 1395 299 1470 simpliciter
309 1399 353 1451 est
367 1392 427 1450 illis
442 1394 597 1464 creditum,
614 1396 663 1450 sed
680 1411 730 1467 per
741 1394 826 1466 signa
839 1399 868 1448 et
881 1408 947 1464 pro·
1005 1412 1116 1450 memor
1131 1400 1175 1450 est
1191 1394 1344 1463 Dominus,
1358 1396 1476 1466 quando
1487 1396 1512 1450 ei
1530 1404 1647 1468 peecata
1662 1399 1785 1456 dimittit
1796 1407 1824 1457 et

125 1487 216 1560 digia.
232 1487 267 1541 Et
283 1489 347 1557 post
376 1483 430 1539 hoc
457 1483 580 1539 intulit:
607 1506 621 1533 «
639 1485 673 1538 Et
703 1483 830 1555 Spiritus
855 1482 947 1538 sancti
1003 1482 1208 1538 misericordiae
1220 1499 1280 1537 suae
1294 1484 1370 1537 dona
1384 1483 1514 1554 largitur.
1529 1506 1542 1533 (ι
1559 1485 1823 1544 Autuitiushomi-

84 1614 87 1618 Δ
124 1573 562 1638 distributionibus,secundum
577 1571 885 1628 suamvoluntatem·
901 1571 947 1626 Di·
1004 1571 1202 1644 nis,qu0niam
1214 1571 1390 1626 uisitaseum
1400 1571 1634 1643 lollicjamvoce
1644 1577 1823 1649 surgendum

122 1664 270 1719 vinaevero
280 1661 517 1734 voluntatiatque
527 1661 648 1718 consilio
657 1662 946 1728 cunctacontrihuit;
1003 1666 1112 1732 est,pro
1123 1677 1155 1716 eo
1166 1660 1243 1731 quod
1256 1659 1412 1715 Dominum
1424 1661 1824 1738 significatSalvatorem,qui

124 1752 283 1824 divinoque
293 1751 425 1818 consilio,
436 1750 549 1806 velutsi
560 1750 683 1806 diceret:
701 1752 766 1822 lpse
782 1751 861 1805 novit
877 1750 947 1822 quid
1004 1767 1061 1806 non
1078 1753 1109 1803 ut
1123 1748 1373 1813 oaetecimortales,
1385 1765 1418 1803 ex
1429 1750 1544 1804 duobus
1555 1749 1725 1808 hominibus
1738 1761 1824 1810 natus

125 1842 233 1914 cuique
249 1839 351 1913 prosit,
367 1840 410 1896 vel
421 1839 548 1912 cuiquid
562 1839 601 1895 sit
615 1840 649 1895 ad
667 1840 949 1911 commodum‚qua-
1004 1845 1059 1905 est,
1075 1840 1126 1894 sed
1142 1855 1176 1894 ex
1189 1837 1297 1910 Spiritu
1313 1842 1415 1892 sancto
1431 1843 1459 1892 et
1474 1839 1563 1893 beata
1587 1839 1683 1895 Maria
1711 1859 1827 1915 semper

125 1930 320 2006 propteripse
343 1930 466 2002 gratiam
496 1928 656 2000 unicuique
682 1927 842 1985 distribuit.
867 1928 948 1993 Quod
1003 1926 1825 1999 virginisutero,tanquamsponsusdegloriosothalamo

125 2019 268 2078 etiamad
284 2016 542 2085 Corinthiosiacit,
572 2017 693 2073 dicens:
719 2040 733 2067 α
753 2022 828 2074 Deus
853 2018 951 2089 posuit
1005 2016 1155 2089 processit.
1173 2014 1369 2070 Dtconsidera
1389 2014 1465 2086 quod
1481 2017 1616 2089 superius
1631 2018 1723 2073 dixit:
1736 2042 1750 2070 «
1767 2020 1826 2077 Ms-

127 2122 381 2181 uuumquemque,
397 2105 474 2162 sicut
496 2105 590 2162 voluit
618 2105 642 2177 (l
658 2106 718 2161 Cor.
739 2123 789 2173 xn,
816 2108 870 2176 18).
889 2128 902 2155 n
918 2107 953 2161 ht
1007 2121 1070 2161 mor
1085 2121 1116 2160 es
1128 2120 1134 2158 ε
1146 2104 1296 2173 »subjecit
1320 2107 1428 2170 autem,
1444 2103 1578 2160 «visites.
1591 2126 1606 2155 o
1627 2108 1737 2163 Memor
1760 2108 1825 2182 luit,

127 2198 252 2254 iterum:
267 2196 431 2268 Unicuique
453 2195 540 2251 datur
563 2194 760 2251 manifestatio
778 2195 901 2267 spiritus
916 2196 951 2251 ad
1007 2210 1073 2250 cum
1085 2191 1258 2265 patriarchis
1269 2190 1597 2250 decoelomisertusest:
1608 2194 1745 2266 visitavit,
1760 2213 1827 2253 cum

128 2286 286 2343 utilitatem
304 2285 396 2357 (ibid,
412 2285 473 2355 7l.»
1009 2307 1023 2335 a
1033 2283 1162 2338 Vct-hum
1173 2298 1239 2336 caro
1250 2281 1359 2336 lactum
1371 2285 1450 2335 estet
1459 2281 1599 2337 habitavit
1609 2282 1825 2356 innonisttonn.

167 2398 182 2426 a
198 2374 365 2432 Secundum
389 2372 570 2430 voluntatem
599 2374 673 2443 ejus.
686 2395 699 2424 n
727 2373 861 2430 Ostendit
873 2377 953 2447 {ergo
1009 2391 1028 2440 1,
1045 2373 1099 2443 11).
1114 2394 1124 2421 ι
1142 2371 1215 2426 Nam
1230 2370 1349 2426 visitare
1361 2368 1497 2434 dicimus,
1514 2371 1632 2442 quando
1648 2373 1779 2430 medicus
1791 2377 1827 2431 ad

130 2463 483 2524 secundnmvoluntatam
495 2463 545 2519 Dei
557 2462 633 2519 dona
644 2463 804 2536 unicuique
822 2463 896 2532 dari,
917 2479 954 2519 ne
1008 2462 1141 2517 intirmos
1152 2460 1324 2533 ingreditur,
1337 2459 1412 2531 quod
1424 2457 1454 2513 in
1466 2458 1590 2516 adventu
1604 2461 1717 2517 Domini
1728 2479 1829 2521 revera

131 2558 163 2613 in
179 2554 346 2628 superbiam
357 2552 557 2616 subleventur,
567 2567 604 2608 ne
614 2551 954 2613 inssuentnrvsutositate
1008 2555 1121 2608 constat
1135 2547 1299 2621 impletum.

128 2641 952 2719 jactantiae,nealtitudomunerisnegligentioreselliciat.
1046 2638 1205 2694 «Minuisti
1221 2653 1299 2693 eum.
1315 2657 1329 2689 a
1346 2637 1419 2692 Hinc
1442 2638 1504 2708 jam
1530 2638 1644 2694 Domini
1672 2640 1829 2700 salvatoris

132 2733 187 2800 Qui
202 2732 279 2789 euim
296 2735 459 2803 compotem
475 2747 506 2787 se
520 2731 638 2786 virtutis
654 2731 812 2800 existimat,
828 2732 953 2788 nonsibi
1009 2728 1161 2786 humilitas
1178 2731 1314 2782 narratur
1327 2731 1356 2782 et
1371 2726 1474 2798 gloria.
1503 2727 1664 2785 Minoratus
1680 2735 1724 2786 est
1738 2733 1829 2804 enim,

133 2839 168 2879 ex
182 2821 278 2895 gratia
291 2819 442 2893 largientis
457 2819 610 2876 advenisse
625 2836 734 2876 munus
747 2819 818 2875 illud
832 2821 954 2877 arbitra·
1009 2837 1065 2876 non
1093 2817 1266 2873 necessitate
1294 2815 1517 2883 ministratoria,
1545 2817 1596 2872 sed
1624 2818 1742 2888 pietatis
1770 2837 1830 2876 suae

132 2917 192 2978 tur,
208 2910 258 2968 sed
272 2926 436 2966 exsuorum
453 2908 550 2964 debito
566 2908 748 2964 meritorum.
761 2909 884 2964 Proinde
900 2910 954 2964 hu·
1009 2913 1171 2980 spontanea
1187 2903 1335 2958 voluntate
1352 2920 1358 2958 :
1375 2903 1451 2958 sicut
1475 2904 1633 2975 Apostolus
1655 2907 1715 2962 ait:
1745 2930 1760 2957 «
1776 2911 1831 2965 Se-

130 2998 357 3073 jusmodihomo
368 2997 666 3055 inflaturventositate
677 2997 830 3069 superhiae.
846 2997 955 3054 idcirco
1010 2995 1169 3067 metipsum
1185 2992 1352 3063 exinanivit,
1368 2992 1492 3048 sormam
1508 2992 1583 3048 servi
1597 2994 1742 3067 accipiens
1753 2997 1831 3069 (Pti-

133 3105 202 3163 ergo
218 3089 295 3144 Deus
310 3086 516 3144 convenienter
530 3089 635 3141 cuncta
650 3085 810 3156 dispensat.
827 3087 908 3150 Quod
925 3088 954 3142 in
1013 3086 1063 3158 lip.
1081 3102 1112 3151 11,
1128 3083 1167 3154 7).
1183 3105 1193 3131 ι

133 3177 263 3235 Ecclesia
277 3192 394 3249 quoque
409 3174 558 3248 provenire
574 3174 782 3246 conspicimus,
799 3174 868 3230 dum
880 3160 993 3232 aliusG
1047 3174 1205 3246 Sequitur:
1232 3170 1350 3225 «Paulo
1379 3169 1528 3226 minusab
1557 3171 1703 3244 angelis.»
1731 3174 1771 3229 Ex
1799 3191 1832 3231 ea

134 3266 255 3341 quidem
270 3266 359 3322 hahet
373 3265 541 3320 facultatem
557 3264 701 3320 sermonis
726 3262 761 3318 ad
781 3263 956 3337 docendum,
1012 3264 1156 3336 siquidem
1174 3264 1255 3334 parte
1269 3263 1385 3315 Creator
1393 3258 1564 3332 angelorum
1576 3261 1673 3317 minor
1682 3262 1776 3319 laetus
1788 3270 1833 3320 ost

133 3355 212 3413 alius
223 3359 320 3411 eutem
332 3370 468 3425 nequeas
478 3352 684 3426 aperirevalet.
696 3353 757 3408 Non
768 3353 959 3409 contristetur
1012 3351 1172 3426 angelis,ex
1184 3367 1242 3423 qua
1253 3364 1370 3405 crucam
1382 3364 1434 3420 pro
1445 3348 1600 3405 hominum
1612 3352 1834 3425 suscepit.Bene

132 3441 406 3516 iste,quisimilem
424 3441 584 3498 nonhabet
606 3440 740 3514 gratiam,
768 3442 864 3497 sciens
890 3442 959 3514 quia
1013 3447 1108 3500 autern
1125 3440 1208 3506 dixit,
1225 3462 1238 3490 ι(
1255 3438 1342 3511 paulo
1372 3439 1510 3506 minua»
1536 3439 1606 3511 quia
1631 3442 1686 3496 etsi
1711 3442 1834 3499 mortale

133 3532 296 3603 unicuique
306 3530 394 3586 datur
405 3530 602 3586 manifestatio
611 3529 733 3602 spiritus
742 3531 777 3586 ad
789 3530 956 3588 utilitatem.
1013 3548 1118 3604 corpus
1134 3529 1306 3601 assumpsit,
1322 3532 1420 3584 tamen
1435 3533 1587 3601 peccatum
1599 3547 1657 3586 non
1668 3528 1780 3589 hahuit.

135 3620 252 3677 Sienim
263 3619 350 3675 homo
361 3619 573 3692 paterfamilias
583 3618 718 3675 novitcui
729 3619 878 3691 negotium
890 3636 959 3692 qua·
1049 3644 1063 3671 «
1080 3619 1187 3685 Gloria,
1203 3617 1351 3674 ethonore
1367 3618 1512 3673 coronasti
1528 3635 1606 3674 eum.
1620 3640 1634 3667 »
1651 3619 1764 3676 Honore
1786 3637 1835 3677 co·

136 3722 253 3779 cunque
263 3706 446 3763 committere
456 3705 664 3773 debeat,multo
675 3706 803 3779 amplius
811 3709 897 3774 Deus,
908 3708 959 3779 qui
1014 3715 1134 3766 renatus
1150 3713 1204 3774 ast,
1220 3723 1288 3762 cum
1303 3710 1369 3778 post
1384 3709 1627 3764 resurrectionem
1645 3713 1730 3776 Deus,
1747 3709 1776 3764 in
1802 3727 1835 3766 eo

136 3800 309 3853 cunctorum
320 3796 521 3853 novitmentes
530 3795 893 3867 hominumetseitomnia
907 3814 960 3852 an·
1014 3799 1091 3872 quod
1107 3798 1195 3853 homo
1211 3796 1304 3850 iactus
1319 3800 1373 3864 cst,
1386 3795 1474 3850 nimis
1485 3796 1650 3853 mirabilem
1662 3798 1764 3853 mundi
1775 3816 1836 3855 cre·

136 3890 257 3958 tequam
271 3886 354 3941 fiant.
1015 3889 1168 3955 dulitatem
1179 3885 1322 3941 exaltatus
1333 3885 1452 3956 accepit.
1470 3885 1567 3941 Gloria
1582 3891 1737 3942 coronatus
1752 3887 1836 3942 estin

175 3997 189 4024 α
205 3974 268 4030 Non
282 3974 361 4029 enirn
376 3974 489 4047 angelis
505 3973 631 4046 subjecit
647 3974 722 4029 Deus
751 3974 851 4029 urbem
878 3977 959 4029 terras
1016 3975 1227 4032 resurrectione
1239 3974 1486 4041 etascensions,at
1497 3974 1838 4031 honoreinooncessione

137 4063 283 4130 futurum,
296 4063 398 4134 dequo
410 4062 567 4134 loquimur.
583 4062 961 4133 »Nunquidnamdealtero
1016 4069 1142 4138 paternae
1158 4062 1331 4134 maiestatis.

138 4152 208 4209 orbe
223 4152 462 4224 disputat‘iNon.
474 4151 530 4206 Sed
542 4151 577 4206 de
587 4151 653 4206 hoc.
665 4155 787 4224 Propter
807 4150 862 4208 hoc
873 4152 961 4207 etiam
1055 4176 1069 4205 (ι
1085 4154 1118 4209 Et
1132 4151 1311 4208 constituisti
1327 4166 1393 4206 eum
1411 4166 1499 4223 super
1514 4167 1602 4223 opaca
1618 4167 1760 4207 manuum
1776 4157 1838 4209 tua-

138 4239 265 4305 addidil,
283 4259 297 4291 a
312 4240 347 4295 de
362 4256 420 4313 quo
431 4239 590 4313 loquimur,
600 4261 615 4289 n
632 4245 808 4296 uomentem
820 4239 962 4296 auditoris
1017 4260 1094 4299 rum.
1106 4264 1120 4292 o
1132 4242 1272 4315 Superius
1287 4241 1323 4296 de
1336 4240 1429 4312 gloria
1444 4241 1518 4312 ejus,
1530 4240 1677 4297 ethonore
1688 4247 1839 4298 narratum

137 4344 237 4386 errare
252 4327 517 4400 permitteret,dum
529 4327 605 4383 alius
616 4332 802 4399 quareretur.
812 4328 962 4392 Quomodo
1018 4337 1072 4399 sat,
1088 4346 1167 4386 nuuc
1183 4331 1300 4403 ponitur
1313 4334 1341 4385 et
1352 4333 1491 4401 potestas,
1504 4333 1536 4385 ut
1546 4331 1840 4401 agnoscaturChristi

138 4432 285 4491 argaeum
294 4417 426 4473 futurum
435 4416 675 4473 voeat‘lFuturus
685 4417 861 4489 quippeerat
871 4418 961 4487 orbis,
1018 4420 1134 4479 Domini
1144 4420 1308 4490 majestatis
1319 4418 1533 4491 perfectissima
1544 4419 1705 4491 planitudo.
1714 4420 1840 4477 Dicendo

137 4509 175 4564 ut
187 4507 278 4576 lieret,
295 4506 350 4562 hoe
364 4511 419 4574 est,
435 4511 469 4562 ut
492 4507 632 4563 crederet.
662 4506 745 4562 Hunc
767 4523 835 4580 ergo
862 4508 961 4563 orbem
978 4533 1002 4597 D
1018 4510 1107 4579 anim,
1123 4531 1137 4563 a
1151 4525 1240 4580 super
1251 4525 1339 4582 opera
1354 4524 1497 4564 manuum
1511 4513 1640 4579 tuarum,
1655 4529 1669 4561 a
1687 4509 1783 4565 omnis
1798 4508 1841 4564 illi

138 4596 286 4665 loturum,
297 4612 354 4651 non
366 4594 478 4668 angelis
488 4595 599 4664 subdit,
611 4596 661 4651 sed
675 4595 798 4651 Christo.
811 4596 872 4652 Non
884 4595 962 4652 enim
1017 4603 1152 4657 creatura
1167 4598 1300 4669 subjecta
1313 4601 1502 4665 monstratur,
1520 4596 1589 4669 quia
1604 4596 1680 4653 sicut
1694 4614 1711 4653 a
1727 4596 1841 4654 Domini

139 4682 254 4758 angelis
268 4684 393 4741 salutem
409 4689 552 4751 nostram,
569 4700 632 4756 qus
648 4685 808 4741 novissimo
832 4688 963 4756 tempore
1019 4705 1104 4761 opere
1120 4687 1192 4743 nihil
1205 4691 1248 4743 est
1259 4691 1422 4758 exceptum,
1436 4685 1539 4742 itanec
1549 4703 1566 4741 a
1578 4689 1721 4759 potestate
1732 4685 1841 4743 Christi

139 4773 220 4828 lacta
233 4773 315 4828 estin
328 4773 408 4836 orbe,
418 4771 555 4842 subjecit,
580 4787 644 4842 que
659 4788 676 4827 a
692 4770 840 4847 prophetis
865 4772 965 4827 lutura
1019 4775 1129 4849 aliquid
1145 4777 1283 4848 probatur
1297 4789 1362 4829 asse
1379 4774 1518 4830 divisum.

139 4858 288 4937 eseeoljm
302 4861 508 4934 predicasset,
525 4860 576 4916 sed
592 4859 652 4915 Filo
664 4877 727 4928 suo,
740 4860 775 4914 ad
798 4876 885 4932 quem
911 4877 966 4916 vox
1058 4865 1191 4920 «Omnia
1203 4862 1355 4934 suhjecisti
1371 4863 1426 4918 sub
1441 4862 1566 4935 pedibus
1581 4863 1645 4935 ejus
1660 4880 1666 4931 ;
1680 4863 1710 4918 in
1721 4843 1841 4919 eoenim

139 4953 273 5023 paterna,
286 4950 364 5006 sicut
378 4949 513 5023 superius
536 4950 770 5004 demonstratum
785 4953 839 5015 est,
856 4949 964 5016 sonuit,

140 5038 243 5095 dicens
254 5054 260 5094 :
272 5059 286 5089 a
298 5039 388 5094 Filius
410 5054 535 5094 meuses
551 5041 594 5104 tu,
610 5053 663 5110 ego
693 5037 779 5092 hodie
807 5037 894 5110 genui
916 5043 963 5093 te:

140 5126 261 5183 Postula
272 5144 289 5183 a
300 5144 358 5194 me,
367 5133 395 5184 et
404 5128 478 5184 dabo
489 5126 543 5183 tibi
551 5132 652 5199 gentas
662 5126 858 5182 hereditatem
870 5129 964 5196 tuam,

140 5219 173 5273 et
184 5218 403 5288 possessiouem
418 5220 500 5272 tuam
516 5216 656 5272 terminos
671 5220 763 5270 terrae.
777 5236 791 5264 »

178 5305 214 5362 Et
229 5306 284 5362 hoo
299 5305 478 5379 propheticis
492 5307 648 5362 confirmat
660 5303 812 5377 exemplis,
841 5305 942 5361 dicans
957 5323 964 5361 t

143 5413 160 5447 a
174 5392 312 5452 Testatos
327 5401 373 5452 ost
400 5397 431 5450 in
454 5394 583 5467 quodam
597 5395 661 5452 loco
677 5395 755 5468 quis,
771 5395 965 5467 dicensll’sol.

178 5484 966 5577 (1394)Partic.etiomiuVulg.nonlegitur,sedintextu

139 5574 364 5650 Ambrosiastd,
378 5590 464 5651 aquo
480 5572 574 5633 multa
600 5575 726 5651 sparsim
741 5578 876 5651 excerpta
886 5579 964 5635 aunt.

1021 4950 1842 5026 quodomniasubjeoit,uihildimisituonsubJectumei.»

1021 5043 1148 5098 Dicendo
1164 5042 1242 5097 enim
1254 5041 1364 5107 omnia,
1376 5057 1427 5096 nec
1438 5038 1841 5109 terreuavideturexcepissa,

1021 5148 1074 5187 nec
1090 5129 1226 5186 coelcstia.
1242 5130 1276 5185 Et
1292 5145 1378 5201 quem
1403 5130 1485 5202 prius
1501 5134 1621 5201 propter
1646 5127 1843 5182 humilitatem

1022 5220 1117 5276 carnis
1133 5218 1219 5290 paulo
1235 5219 1334 5273 minus
1349 5219 1386 5272 ab
1398 5217 1509 5290 angelis
1525 5217 1637 5272 dixerat
1658 5230 1723 5271 esee
1748 5214 1843 5269 mino-

1021 5313 1118 5365 ratum
1135 5313 1200 5380 post
1214 5308 1416 5363 ascensionem
1429 5307 1500 5362 dicit
1515 5304 1639 5378 pedihus
1654 5305 1718 5374 ejus
1745 5302 1844 5360 omnia

1021 5397 1114 5453 luisse
1129 5397 1272 5468 subjecta,
1288 5401 1321 5452 ut
1347 5396 1406 5452 iste
1433 5393 1582 5451 distinctio
1610 5396 1639 5450 et
1663 5390 1844 5456 dubietatem

1057 5504 1149 5580 (1395)
1165 5502 1252 5580 Vulg.
1263 5504 1408 5581 portentis.
