<?xml version="1.0" encoding="UTF-8"?>
<!DOCTYPE html PUBLIC "-//W3C//DTD XHTML 1.0 Transitional//EN"
    "http://www.w3.org/TR/xhtml1/DTD/xhtml1-transitional.dtd">
<html xmlns="http://www.w3.org/1999/xhtml" xml:lang="en" lang="en">
 <head>
  <title>
</title>
<meta http-equiv="Content-Type" content="text/html;charset=utf-8" />
  <meta name='ocr-system' content='tesseract 3.04.00' />
  <meta name='ocr-capabilities' content='ocr_page ocr_carea ocr_par ocr_line ocrx_word'/>
</head>
<body>
  <div class='ocr_page' id='page_1' title='image "./patrologiaecurs77unkngoog/patrologiaecurs77unkngoog_0259.png"; bbox 0 0 3908 6096; ppageno 0'>
   <div class='ocr_carea' id='block_1_1' title="bbox 117 310 1825 382">
    <p class='ocr_par' dir='ltr' id='par_1_1' title="bbox 117 310 1825 382">
     <span class='ocr_line' id='line_1_1' title="bbox 117 310 1825 382; baseline 0.004 -9"><span class='ocrx_word' id='word_1_1' title='bbox 117 310 180 374; x_wconf 69' lang='lat'><strong>289</strong></span> <span class='ocrx_word' id='word_1_2' title='bbox 396 314 602 378; x_wconf 79' lang='lat' dir='ltr'><strong>exeostrlo</strong></span> <span class='ocrx_word' id='word_1_3' title='bbox 624 315 662 376; x_wconf 85' lang='lat' dir='ltr'><strong>ltt</strong></span> <span class='ocrx_word' id='word_1_4' title='bbox 686 312 899 376; x_wconf 72' lang='lat' dir='ltr'><strong>epistotae</strong></span> <span class='ocrx_word' id='word_1_5' title='bbox 921 311 1051 375; x_wconf 74' lang='lat' dir='ltr'><strong>Pauor.</strong></span> <span class='ocrx_word' id='word_1_6' title='bbox 1073 347 1110 357; x_wconf 89' lang='lat'>-</span> <span class='ocrx_word' id='word_1_7' title='bbox 1133 317 1171 375; x_wconf 94' lang='lat' dir='ltr'><strong>lN</strong></span> <span class='ocrx_word' id='word_1_8' title='bbox 1193 317 1317 380; x_wconf 76' lang='lat' dir='ltr'><strong>aelst.</strong></span> <span class='ocrx_word' id='word_1_9' title='bbox 1342 318 1367 378; x_wconf 94' lang='lat' dir='ltr'><strong>ll</strong></span> <span class='ocrx_word' id='word_1_10' title='bbox 1389 320 1441 379; x_wconf 84' lang='grc' dir='ltr'><strong>ΑΙ)</strong></span> <span class='ocrx_word' id='word_1_11' title='bbox 1463 319 1550 381; x_wconf 81' lang='lat' dir='ltr'><strong>COR.</strong></span> <span class='ocrx_word' id='word_1_12' title='bbox 1766 321 1825 382; x_wconf 80' lang='grc'><strong>490</strong></span> 
     </span>
    </p>
   </div>
   <div class='ocr_carea' id='block_1_2' title="bbox 117 444 1944 5133">
    <p class='ocr_par' dir='ltr' id='par_1_2' title="bbox 117 444 1944 5133">
     <span class='ocr_line' id='line_1_2' title="bbox 119 444 1824 526; baseline 0.003 -23"><span class='ocrx_word' id='word_1_13' title='bbox 119 444 221 512; x_wconf 82' lang='lat' dir='ltr'><strong>nobis,</strong></span> <span class='ocrx_word' id='word_1_14' title='bbox 232 450 262 502; x_wconf 86' lang='lat' dir='ltr'><strong>et</strong></span> <span class='ocrx_word' id='word_1_15' title='bbox 273 446 302 502; x_wconf 93' lang='lat' dir='ltr'><strong>iu</strong></span> <span class='ocrx_word' id='word_1_16' title='bbox 315 447 401 503; x_wconf 87' lang='lat' dir='ltr'><strong>nobis</strong></span> <span class='ocrx_word' id='word_1_17' title='bbox 412 450 515 520; x_wconf 83' lang='lat' dir='ltr'><strong>potens</strong></span> <span class='ocrx_word' id='word_1_18' title='bbox 525 448 581 503; x_wconf 89' lang='lat' dir='ltr'><strong>erit</strong></span> <span class='ocrx_word' id='word_1_19' title='bbox 592 448 676 519; x_wconf 89' lang='grc'>(793).</span> <span class='ocrx_word' id='word_1_20' title='bbox 699 445 831 503; x_wconf 87' lang='lat' dir='ltr'><strong>Christus</strong></span> <span class='ocrx_word' id='word_1_21' title='bbox 842 444 991 519; x_wconf 70' lang='lat' dir='ltr'><strong>quippeA</strong></span> <span class='ocrx_word' id='word_1_22' title='bbox 1006 447 1124 518; x_wconf 88' lang='lat' dir='ltr'><strong>quitur:</strong></span> <span class='ocrx_word' id='word_1_23' title='bbox 1140 449 1199 505; x_wconf 71' lang='lat' dir='ltr'><strong>iton</strong></span> <span class='ocrx_word' id='word_1_24' title='bbox 1214 455 1244 505; x_wconf 88' lang='lat' dir='ltr'><strong>ut</strong></span> <span class='ocrx_word' id='word_1_25' title='bbox 1259 467 1306 508; x_wconf 81' lang='lat' dir='ltr'><strong>uos</strong></span> <span class='ocrx_word' id='word_1_26' title='bbox 1320 451 1429 524; x_wconf 83' lang='lat' dir='ltr'><strong>probati</strong></span> <span class='ocrx_word' id='word_1_27' title='bbox 1441 466 1632 526; x_wconf 77' lang='lat' dir='ltr'><strong><em>appareamus.</em></strong></span> <span class='ocrx_word' id='word_1_28' title='bbox 1650 453 1731 509; x_wconf 89' lang='lat' dir='ltr'><strong>Tunc</strong></span> <span class='ocrx_word' id='word_1_29' title='bbox 1745 453 1824 510; x_wconf 90' lang='lat' dir='ltr'><strong>enim</strong></span> 
     </span>
     <span class='ocr_line' id='line_1_3' title="bbox 120 534 1822 613; baseline 0.004 -21"><span class='ocrx_word' id='word_1_30' title='bbox 120 535 153 592; x_wconf 89' lang='lat' dir='ltr'><strong>in</strong></span> <span class='ocrx_word' id='word_1_31' title='bbox 163 534 292 591; x_wconf 88' lang='lat' dir='ltr'><strong>illisnun</strong></span> <span class='ocrx_word' id='word_1_32' title='bbox 306 535 538 604; x_wconf 84' lang='lat' dir='ltr'><strong>estinfirmatus,</strong></span> <span class='ocrx_word' id='word_1_33' title='bbox 548 536 762 608; x_wconf 88' lang='lat' dir='ltr'><strong>qniainteraos</strong></span> <span class='ocrx_word' id='word_1_34' title='bbox 772 550 824 607; x_wconf 91' lang='lat' dir='ltr'><strong>per</strong></span> <span class='ocrx_word' id='word_1_35' title='bbox 836 538 949 607; x_wconf 87' lang='lat' dir='ltr'><strong>aposto·</strong></span> <span class='ocrx_word' id='word_1_36' title='bbox 1003 535 1144 606; x_wconf 84' lang='lat' dir='ltr'><strong>probatus</strong></span> <span class='ocrx_word' id='word_1_37' title='bbox 1156 542 1320 610; x_wconf 86' lang='lat' dir='ltr'><strong>appareret,</strong></span> <span class='ocrx_word' id='word_1_38' title='bbox 1337 540 1363 597; x_wconf 90' lang='lat' dir='ltr'><strong>si</strong></span> <span class='ocrx_word' id='word_1_39' title='bbox 1387 539 1454 597; x_wconf 89' lang='lat' dir='ltr'><strong>illos</strong></span> <span class='ocrx_word' id='word_1_40' title='bbox 1478 539 1654 597; x_wconf 76' lang='lat' dir='ltr'><strong>incorrectos</strong></span> <span class='ocrx_word' id='word_1_41' title='bbox 1668 542 1822 613; x_wconf 80' lang='lat' dir='ltr'><strong>inveniret,</strong></span> 
     </span>
     <span class='ocr_line' id='line_1_4' title="bbox 120 622 1827 705; baseline 0.003 -23"><span class='ocrx_word' id='word_1_42' title='bbox 120 624 168 682; x_wconf 87' lang='lat' dir='ltr'><strong>los</strong></span> <span class='ocrx_word' id='word_1_43' title='bbox 183 623 277 680; x_wconf 90' lang='lat' dir='ltr'><strong>multa</strong></span> <span class='ocrx_word' id='word_1_44' title='bbox 293 624 400 680; x_wconf 77' lang='lat' dir='ltr'><strong>fecerat</strong></span> <span class='ocrx_word' id='word_1_45' title='bbox 423 624 519 697; x_wconf 87' lang='lat' dir='ltr'><strong>signa,</strong></span> <span class='ocrx_word' id='word_1_46' title='bbox 545 625 685 697; x_wconf 91' lang='lat' dir='ltr'><strong>quonium</strong></span> <span class='ocrx_word' id='word_1_47' title='bbox 711 623 844 680; x_wconf 86' lang='lat' dir='ltr'><strong>viderant</strong></span> <span class='ocrx_word' id='word_1_48' title='bbox 858 636 949 679; x_wconf 80' lang='lat' dir='ltr'><strong>cacos</strong></span> <span class='ocrx_word' id='word_1_49' title='bbox 1002 622 1059 680; x_wconf 92' lang='lat' dir='ltr'><strong>hoc</strong></span> <span class='ocrx_word' id='word_1_50' title='bbox 1073 629 1127 694; x_wconf 89' lang='lat' dir='ltr'><strong>est,</strong></span> <span class='ocrx_word' id='word_1_51' title='bbox 1144 625 1217 682; x_wconf 86' lang='lat' dir='ltr'><strong>tales</strong></span> <span class='ocrx_word' id='word_1_52' title='bbox 1234 627 1309 683; x_wconf 91' lang='lat' dir='ltr'><strong>utin</strong></span> <span class='ocrx_word' id='word_1_53' title='bbox 1325 628 1367 684; x_wconf 87' lang='lat' dir='ltr'><strong>eis</strong></span> <span class='ocrx_word' id='word_1_54' title='bbox 1381 636 1465 686; x_wconf 83' lang='lat' dir='ltr'><strong>suam</strong></span> <span class='ocrx_word' id='word_1_55' title='bbox 1482 628 1711 687; x_wconf 71' lang='lat' dir='ltr'><strong>dominationem</strong></span> <span class='ocrx_word' id='word_1_56' title='bbox 1727 635 1827 705; x_wconf 86' lang='lat' dir='ltr'><strong>posset</strong></span> 
     </span>
     <span class='ocr_line' id='line_1_5' title="bbox 117 711 1827 789; baseline 0.003 -18"><span class='ocrx_word' id='word_1_57' title='bbox 117 712 315 780; x_wconf 83' lang='lat' dir='ltr'><strong>illuminatos,</strong></span> <span class='ocrx_word' id='word_1_58' title='bbox 330 711 463 784; x_wconf 87' lang='lat' dir='ltr'><strong>leprosos</strong></span> <span class='ocrx_word' id='word_1_59' title='bbox 478 712 646 785; x_wconf 90' lang='lat' dir='ltr'><strong>mundatos,</strong></span> <span class='ocrx_word' id='word_1_60' title='bbox 658 716 713 770; x_wconf 90' lang='lat' dir='ltr'><strong>eto.</strong></span> <span class='ocrx_word' id='word_1_61' title='bbox 727 712 816 778; x_wconf 80' lang='lat' dir='ltr'><strong>Quasi</strong></span> <span class='ocrx_word' id='word_1_62' title='bbox 826 711 950 768; x_wconf 77' lang='lat' dir='ltr'><strong>dixisset</strong></span> <span class='ocrx_word' id='word_1_63' title='bbox 1004 726 1147 769; x_wconf 84' lang='lat' dir='ltr'><strong>exercere.</strong></span> <span class='ocrx_word' id='word_1_64' title='bbox 1162 714 1218 769; x_wconf 90' lang='lat' dir='ltr'><strong>Sed</strong></span> <span class='ocrx_word' id='word_1_65' title='bbox 1236 713 1291 770; x_wconf 91' lang='lat' dir='ltr'><strong>hoo</strong></span> <span class='ocrx_word' id='word_1_66' title='bbox 1307 714 1425 774; x_wconf 88' lang='lat' dir='ltr'><strong>nolebat</strong></span> <span class='ocrx_word' id='word_1_67' title='bbox 1438 718 1596 789; x_wconf 77' lang='lat' dir='ltr'><strong>Apostolus</strong></span> <span class='ocrx_word' id='word_1_68' title='bbox 1609 736 1617 788; x_wconf 82' lang='lat'>3</span> <span class='ocrx_word' id='word_1_69' title='bbox 1630 723 1659 775; x_wconf 91' lang='lat' dir='ltr'><strong>et</strong></span> <span class='ocrx_word' id='word_1_70' title='bbox 1674 718 1739 775; x_wconf 90' lang='lat' dir='ltr'><strong>ideo</strong></span> <span class='ocrx_word' id='word_1_71' title='bbox 1754 719 1827 776; x_wconf 90' lang='lat' dir='ltr'><strong>sub·</strong></span> 
     </span>
     <span class='ocr_line' id='line_1_6' title="bbox 119 790 1830 880; baseline 0.004 -21"><span class='ocrx_word' id='word_1_72' title='bbox 119 790 301 876; x_wconf 62' lang='lat' dir='ltr'><strong>&#39;Apostolum</strong></span> <span class='ocrx_word' id='word_1_73' title='bbox 317 800 350 856; x_wconf 85' lang='lat' dir='ltr'><strong>Si</strong></span> <span class='ocrx_word' id='word_1_74' title='bbox 363 814 421 858; x_wconf 91' lang='lat' dir='ltr'><strong>non</strong></span> <span class='ocrx_word' id='word_1_75' title='bbox 432 804 477 857; x_wconf 89' lang='lat' dir='ltr'><strong>eet</strong></span> <span class='ocrx_word' id='word_1_76' title='bbox 487 800 657 859; x_wconf 84' lang='lat' dir='ltr'><strong>infirmatus</strong></span> <span class='ocrx_word' id='word_1_77' title='bbox 670 801 803 859; x_wconf 79' lang='lat' dir='ltr'><strong>Christus</strong></span> <span class='ocrx_word' id='word_1_78' title='bbox 813 800 844 857; x_wconf 95' lang='lat' dir='ltr'><strong>in</strong></span> <span class='ocrx_word' id='word_1_79' title='bbox 855 800 949 868; x_wconf 87' lang='lat' dir='ltr'><strong>vobis,</strong></span> <span class='ocrx_word' id='word_1_80' title='bbox 1002 800 1119 873; x_wconf 83' lang='lat' dir='ltr'><strong>junxit:</strong></span> <span class='ocrx_word' id='word_1_81' title='bbox 1138 804 1189 858; x_wconf 79' lang='lat' dir='ltr'><strong>Vos</strong></span> <span class='ocrx_word' id='word_1_82' title='bbox 1215 803 1289 876; x_wconf 83' lang='lat' dir='ltr'><strong>quod</strong></span> <span class='ocrx_word' id='word_1_83' title='bbox 1318 804 1418 861; x_wconf 85' lang='lat' dir='ltr'><strong>bonum</strong></span> <span class='ocrx_word' id='word_1_84' title='bbox 1445 814 1500 875; x_wconf 74' lang='lat' dir='ltr'><strong>est,</strong></span> <span class='ocrx_word' id='word_1_85' title='bbox 1518 808 1641 880; x_wconf 75' lang='lat' dir='ltr'><strong>faciatis.</strong></span> <span class='ocrx_word' id='word_1_86' title='bbox 1670 796 1723 864; x_wconf 80' lang='lat' dir='ltr'><strong>lios</strong></span> <span class='ocrx_word' id='word_1_87' title='bbox 1737 815 1830 865; x_wconf 88' lang='lat' dir='ltr'><strong>autem</strong></span> 
     </span>
     <span class='ocr_line' id='line_1_7' title="bbox 121 884 1831 970; baseline 0.002 -21"><span class='ocrx_word' id='word_1_88' title='bbox 121 884 950 966; x_wconf 83' lang='lat' dir='ltr'><strong>qnarea&#39;rgonontimetis,quoniempotestimplerequod</strong></span> <span class='ocrx_word' id='word_1_89' title='bbox 1005 890 1115 962; x_wconf 77' lang='lat' dir='ltr'><strong>reprobi</strong></span> <span class='ocrx_word' id='word_1_90' title='bbox 1129 890 1216 947; x_wconf 81' lang='lat' dir='ltr'><strong>simus</strong></span> <span class='ocrx_word' id='word_1_91' title='bbox 1229 890 1315 963; x_wconf 87' lang='grc'>(796).</span> <span class='ocrx_word' id='word_1_92' title='bbox 1332 892 1387 949; x_wconf 89' lang='lat' dir='ltr'><strong>Sed</strong></span> <span class='ocrx_word' id='word_1_93' title='bbox 1404 894 1474 967; x_wconf 92' lang='lat' dir='ltr'><strong>quid</strong></span> <span class='ocrx_word' id='word_1_94' title='bbox 1498 899 1544 952; x_wconf 92' lang='lat' dir='ltr'><strong>est</strong></span> <span class='ocrx_word' id='word_1_95' title='bbox 1567 897 1645 969; x_wconf 90' lang='lat' dir='ltr'><strong>qnod</strong></span> <span class='ocrx_word' id='word_1_96' title='bbox 1668 886 1735 955; x_wconf 86' lang='lat' dir='ltr'><strong>llius</strong></span> <span class='ocrx_word' id='word_1_97' title='bbox 1749 900 1831 970; x_wconf 86' lang='lat' dir='ltr'><strong>optat</strong></span> 
     </span>
     <span class='ocr_line' id='line_1_8' title="bbox 122 976 1830 1058; baseline 0.002 -20"><span class='ocrx_word' id='word_1_98' title='bbox 122 980 214 1038; x_wconf 79' lang='lat' dir='ltr'><strong>dicut</strong></span> <span class='ocrx_word' id='word_1_99' title='bbox 225 978 368 1047; x_wconf 79' lang='lat' dir='ltr'><strong>Quoniam</strong></span> <span class='ocrx_word' id='word_1_100' title='bbox 382 983 495 1052; x_wconf 87' lang='lat' dir='ltr'><strong>poterat</strong></span> <span class='ocrx_word' id='word_1_101' title='bbox 505 981 541 1036; x_wconf 89' lang='lat' dir='ltr'><strong>ad</strong></span> <span class='ocrx_word' id='word_1_102' title='bbox 565 979 627 1036; x_wconf 81' lang='lat' dir='ltr'><strong>hac</strong></span> <span class='ocrx_word' id='word_1_103' title='bbox 644 979 751 1052; x_wconf 92' lang='lat' dir='ltr'><strong>uliquis</strong></span> <span class='ocrx_word' id='word_1_104' title='bbox 764 980 950 1052; x_wconf 85' lang='lat' dir='ltr'><strong>respondere,</strong></span> <span class='ocrx_word' id='word_1_105' title='bbox 1005 976 1100 1035; x_wconf 84' lang='lat' dir='ltr'><strong>iacere</strong></span> <span class='ocrx_word' id='word_1_106' title='bbox 1115 978 1236 1050; x_wconf 89' lang='lat' dir='ltr'><strong>bonum,</strong></span> <span class='ocrx_word' id='word_1_107' title='bbox 1253 996 1285 1036; x_wconf 91' lang='lat' dir='ltr'><strong>se</strong></span> <span class='ocrx_word' id='word_1_108' title='bbox 1299 978 1397 1038; x_wconf 79' lang='lat' dir='ltr'><strong>autem</strong></span> <span class='ocrx_word' id='word_1_109' title='bbox 1413 985 1573 1055; x_wconf 87' lang='lat' dir='ltr'><strong>reprobum</strong></span> <span class='ocrx_word' id='word_1_110' title='bbox 1589 1000 1655 1042; x_wconf 89' lang='lat' dir='ltr'><strong>esse</strong></span> <span class='ocrx_word' id='word_1_111' title='bbox 1666 987 1678 1040; x_wconf 82' lang='lat' dir='ltr'><strong>l</strong></span> <span class='ocrx_word' id='word_1_112' title='bbox 1690 982 1830 1058; x_wconf 86' lang='lat' dir='ltr'><strong>Nunquid</strong></span> 
     </span>
     <span class='ocr_line' id='line_1_9' title="bbox 120 1064 1830 1148; baseline 0.001 -20"><span class='ocrx_word' id='word_1_113' title='bbox 120 1064 289 1128; x_wconf 81' lang='lat' dir='ltr'><strong>aedicere:</strong></span> <span class='ocrx_word' id='word_1_114' title='bbox 305 1068 457 1134; x_wconf 81' lang='lat' dir='ltr'><strong>Quomodo</strong></span> <span class='ocrx_word' id='word_1_115' title='bbox 481 1083 540 1125; x_wconf 92' lang='lat' dir='ltr'><strong>non</strong></span> <span class='ocrx_word' id='word_1_116' title='bbox 563 1073 609 1125; x_wconf 89' lang='lat' dir='ltr'><strong>est</strong></span> <span class='ocrx_word' id='word_1_117' title='bbox 634 1068 814 1140; x_wconf 89' lang='lat' dir='ltr'><strong>iullrmatus,</strong></span> <span class='ocrx_word' id='word_1_118' title='bbox 830 1084 898 1124; x_wconf 89' lang='lat' dir='ltr'><strong>cum</strong></span> <span class='ocrx_word' id='word_1_119' title='bbox 913 1066 953 1123; x_wconf 91' lang='lat' dir='ltr'><strong>sit</strong></span> <span class='ocrx_word' id='word_1_120' title='bbox 1007 1067 1120 1125; x_wconf 90' lang='lat' dir='ltr'><strong>malum</strong></span> <span class='ocrx_word' id='word_1_121' title='bbox 1136 1084 1167 1124; x_wconf 87' lang='lat' dir='ltr'><strong>ee</strong></span> <span class='ocrx_word' id='word_1_122' title='bbox 1181 1066 1285 1142; x_wconf 79' lang='lat' dir='ltr'><strong>optati</strong></span> <span class='ocrx_word' id='word_1_123' title='bbox 1299 1068 1373 1128; x_wconf 86' lang='lat' dir='ltr'><strong>Non.</strong></span> <span class='ocrx_word' id='word_1_124' title='bbox 1394 1071 1450 1127; x_wconf 86' lang='lat' dir='ltr'><strong>Sed</strong></span> <span class='ocrx_word' id='word_1_125' title='bbox 1476 1073 1633 1143; x_wconf 88' lang='lat' dir='ltr'><strong>reprobum</strong></span> <span class='ocrx_word' id='word_1_126' title='bbox 1657 1073 1785 1148; x_wconf 87' lang='lat' dir='ltr'><strong>sedicit,</strong></span> <span class='ocrx_word' id='word_1_127' title='bbox 1800 1073 1830 1130; x_wconf 88' lang='lat' dir='ltr'><strong>id</strong></span> 
     </span>
     <span class='ocr_line' id='line_1_10' title="bbox 123 1150 1830 1235; baseline 0.002 -19"><span class='ocrx_word' id='word_1_128' title='bbox 123 1156 307 1216; x_wconf 81' lang='lat' dir='ltr'><strong>crucidx&#39;us‘i</strong></span> <span class='ocrx_word' id='word_1_129' title='bbox 328 1150 490 1229; x_wconf 84' lang='lat' dir='ltr'><strong>subjunxit,</strong></span> <span class='ocrx_word' id='word_1_130' title='bbox 519 1161 609 1230; x_wconf 89' lang='lat' dir='ltr'><strong>atque</strong></span> <span class='ocrx_word' id='word_1_131' title='bbox 632 1157 690 1214; x_wconf 88' lang='lat' dir='ltr'><strong>ait:</strong></span> <span class='ocrx_word' id='word_1_132' title='bbox 708 1156 778 1215; x_wconf 80' lang='lat' dir='ltr'><strong>Nam</strong></span> <span class='ocrx_word' id='word_1_133' title='bbox 800 1159 852 1213; x_wconf 80' lang='lat' dir='ltr'><strong>etsi</strong></span> <span class='ocrx_word' id='word_1_134' title='bbox 865 1158 954 1213; x_wconf 78' lang='lat' dir='ltr'><strong>enrri-</strong></span> <span class='ocrx_word' id='word_1_135' title='bbox 1007 1161 1061 1225; x_wconf 87' lang='lat' dir='ltr'><strong>est,</strong></span> <span class='ocrx_word' id='word_1_136' title='bbox 1074 1156 1227 1214; x_wconf 87' lang='lat' dir='ltr'><strong>humilem.</strong></span> <span class='ocrx_word' id='word_1_137' title='bbox 1241 1156 1830 1235; x_wconf 76' lang='lat' dir='ltr'><strong>TuncenimreprobuaessetApostolus,</strong></span> 
     </span>
     <span class='ocr_line' id='line_1_11' title="bbox 121 1244 1829 1327; baseline 0.003 -24"><span class='ocrx_word' id='word_1_138' title='bbox 121 1248 199 1327; x_wconf 67' lang='lat' dir='ltr'><strong>lires</strong></span> <span class='ocrx_word' id='word_1_139' title='bbox 226 1249 265 1304; x_wconf 82' lang='lat' dir='ltr'><strong>m</strong></span> <span class='ocrx_word' id='word_1_140' title='bbox 291 1256 327 1302; x_wconf 76' lang='lat' dir='ltr'><strong>ea</strong></span> <span class='ocrx_word' id='word_1_141' title='bbox 353 1246 519 1316; x_wconf 75' lang='lat' dir='ltr'><strong>infimitate</strong></span> <span class='ocrx_word' id='word_1_142' title='bbox 546 1257 642 1303; x_wconf 74' lang='lat' dir='ltr'><strong>noema</strong></span> <span class='ocrx_word' id='word_1_143' title='bbox 667 1245 755 1318; x_wconf 77' lang='lat' dir='ltr'><strong>(rot),</strong></span> <span class='ocrx_word' id='word_1_144' title='bbox 784 1252 840 1303; x_wconf 89' lang='lat' dir='ltr'><strong>etc.</strong></span> <span class='ocrx_word' id='word_1_145' title='bbox 864 1244 953 1311; x_wconf 86' lang='lat' dir='ltr'><strong>Quasi</strong></span> <span class='ocrx_word' id='word_1_146' title='bbox 1007 1245 1829 1325; x_wconf 83' lang='lat' dir='ltr'><strong>ideat,humilis,eieosemendatosinveniret,quiasuam</strong></span> 
     </span>
     <span class='ocr_line' id='line_1_12' title="bbox 124 1332 1831 1413; baseline 0.001 -19"><span class='ocrx_word' id='word_1_147' title='bbox 124 1332 236 1394; x_wconf 76' lang='lat' dir='ltr'><strong>dicarat</strong></span> <span class='ocrx_word' id='word_1_148' title='bbox 247 1351 255 1393; x_wconf 91' lang='lat'><strong>:</strong></span> <span class='ocrx_word' id='word_1_149' title='bbox 266 1333 489 1391; x_wconf 81' lang='lat' dir='ltr'><strong>lbxinflrmltste</strong></span> <span class='ocrx_word' id='word_1_150' title='bbox 499 1340 606 1391; x_wconf 85' lang='lat' dir='ltr'><strong>nostra</strong></span> <span class='ocrx_word' id='word_1_151' title='bbox 617 1335 714 1391; x_wconf 91' lang='lat' dir='ltr'><strong>carnis</strong></span> <span class='ocrx_word' id='word_1_152' title='bbox 725 1334 882 1391; x_wconf 84' lang='lat' dir='ltr'><strong>crucifixus</strong></span> <span class='ocrx_word' id='word_1_153' title='bbox 897 1336 951 1400; x_wconf 89' lang='lat' dir='ltr'><strong>est,</strong></span> <span class='ocrx_word' id='word_1_154' title='bbox 1008 1332 1240 1393; x_wconf 78' lang='lat' dir='ltr'><strong>dominationem</strong></span> <span class='ocrx_word' id='word_1_155' title='bbox 1257 1337 1286 1392; x_wconf 92' lang='lat' dir='ltr'><strong>in</strong></span> <span class='ocrx_word' id='word_1_156' title='bbox 1302 1337 1345 1392; x_wconf 92' lang='lat' dir='ltr'><strong>eis</strong></span> <span class='ocrx_word' id='word_1_157' title='bbox 1360 1351 1491 1394; x_wconf 83' lang='lat' dir='ltr'><strong>exercere</strong></span> <span class='ocrx_word' id='word_1_158' title='bbox 1506 1346 1564 1394; x_wconf 87' lang='lat' dir='ltr'><strong>non</strong></span> <span class='ocrx_word' id='word_1_159' title='bbox 1580 1340 1689 1413; x_wconf 84' lang='lat' dir='ltr'><strong>posset.</strong></span> <span class='ocrx_word' id='word_1_160' title='bbox 1705 1338 1787 1398; x_wconf 89' lang='lat' dir='ltr'><strong>Unde</strong></span> <span class='ocrx_word' id='word_1_161' title='bbox 1801 1344 1831 1399; x_wconf 90' lang='lat' dir='ltr'><strong>et</strong></span> 
     </span>
     <span class='ocr_line' id='line_1_13' title="bbox 124 1421 1832 1503; baseline 0.002 -21"><span class='ocrx_word' id='word_1_162' title='bbox 124 1432 244 1501; x_wconf 79' lang='lat' dir='ltr'><strong>pasena,</strong></span> <span class='ocrx_word' id='word_1_163' title='bbox 260 1426 405 1492; x_wconf 84' lang='lat' dir='ltr'><strong>mortuus,</strong></span> <span class='ocrx_word' id='word_1_164' title='bbox 419 1428 451 1479; x_wconf 88' lang='lat' dir='ltr'><strong>&#39;et</strong></span> <span class='ocrx_word' id='word_1_165' title='bbox 477 1422 638 1481; x_wconf 84' lang='lat' dir='ltr'><strong>ascendens</strong></span> <span class='ocrx_word' id='word_1_166' title='bbox 663 1423 695 1479; x_wconf 91' lang='lat' dir='ltr'><strong>in</strong></span> <span class='ocrx_word' id='word_1_167' title='bbox 725 1421 823 1495; x_wconf 85' lang='lat' dir='ltr'><strong>coelos,</strong></span> <span class='ocrx_word' id='word_1_168' title='bbox 839 1422 953 1478; x_wconf 89' lang='lat' dir='ltr'><strong>aditum</strong></span> <span class='ocrx_word' id='word_1_169' title='bbox 1009 1422 1094 1497; x_wconf 88' lang='lat' dir='ltr'><strong>quasi</strong></span> <span class='ocrx_word' id='word_1_170' title='bbox 1111 1424 1281 1503; x_wconf 85' lang='lat' dir='ltr'><strong>exponendo</strong></span> <span class='ocrx_word' id='word_1_171' title='bbox 1300 1424 1470 1498; x_wconf 82' lang='lat' dir='ltr'><strong>subjunxit:</strong></span> <span class='ocrx_word' id='word_1_172' title='bbox 1499 1426 1559 1484; x_wconf 81' lang='lat' dir='ltr'><strong>Nor</strong></span> <span class='ocrx_word' id='word_1_173' title='bbox 1585 1429 1661 1483; x_wconf 85' lang='lat' dir='ltr'><strong>enim</strong></span> <span class='ocrx_word' id='word_1_174' title='bbox 1684 1440 1832 1500; x_wconf 81' lang='lat' dir='ltr'><strong>possumus</strong></span> 
     </span>
     <span class='ocr_line' id='line_1_14' title="bbox 123 1510 1831 1588; baseline 0.001 -18"><span class='ocrx_word' id='word_1_175' title='bbox 123 1514 209 1588; x_wconf 73' lang='lat' dir='ltr'><strong>&#39;regni</strong></span> <span class='ocrx_word' id='word_1_176' title='bbox 224 1512 351 1571; x_wconf 84' lang='lat' dir='ltr'><strong>coeleetis</strong></span> <span class='ocrx_word' id='word_1_177' title='bbox 366 1510 513 1585; x_wconf 73' lang='lat' dir='ltr'><strong>patefecit,</strong></span> <span class='ocrx_word' id='word_1_178' title='bbox 531 1518 677 1583; x_wconf 80' lang='lat' dir='ltr'><strong>quatenus</strong></span> <span class='ocrx_word' id='word_1_179' title='bbox 700 1513 736 1568; x_wconf 86' lang='lat' dir='ltr'><strong>ab</strong></span> <span class='ocrx_word' id='word_1_180' title='bbox 752 1511 806 1568; x_wconf 87' lang='lat' dir='ltr'><strong>hac</strong></span> <span class='ocrx_word' id='word_1_181' title='bbox 824 1510 883 1567; x_wconf 86' lang='lat' dir='ltr'><strong>vita</strong></span> <span class='ocrx_word' id='word_1_182' title='bbox 897 1510 953 1566; x_wconf 92' lang='lat' dir='ltr'><strong>mi·</strong></span> <span class='ocrx_word' id='word_1_183' title='bbox 1007 1512 1120 1585; x_wconf 85' lang='lat' dir='ltr'><strong>aliquid</strong></span> <span class='ocrx_word' id='word_1_184' title='bbox 1145 1512 1275 1569; x_wconf 73' lang='lat' dir='ltr'><strong>adversm</strong></span> <span class='ocrx_word' id='word_1_185' title='bbox 1311 1515 1472 1576; x_wconf 82' lang='lat' dir='ltr'><strong>ueritatem:</strong></span> <span class='ocrx_word' id='word_1_186' title='bbox 1516 1512 1600 1587; x_wconf 91' lang='lat' dir='ltr'><strong>quusi</strong></span> <span class='ocrx_word' id='word_1_187' title='bbox 1631 1512 1770 1572; x_wconf 76' lang='lat' dir='ltr'><strong>dixisset:</strong></span> <span class='ocrx_word' id='word_1_188' title='bbox 1799 1515 1831 1572; x_wconf 84' lang='lat' dir='ltr'><strong>Si</strong></span> 
     </span>
     <span class='ocr_line' id='line_1_15' title="bbox 127 1598 1831 1678; baseline -0.001 -18"><span class='ocrx_word' id='word_1_189' title='bbox 127 1600 247 1678; x_wconf 71' lang='lat' dir='ltr'><strong>grantes</strong></span> <span class='ocrx_word' id='word_1_190' title='bbox 263 1599 375 1674; x_wconf 89' lang='lat' dir='ltr'><strong>absque</strong></span> <span class='ocrx_word' id='word_1_191' title='bbox 386 1599 448 1658; x_wconf 88' lang='lat' dir='ltr'><strong>nlla</strong></span> <span class='ocrx_word' id='word_1_192' title='bbox 463 1600 612 1672; x_wconf 88' lang='lat' dir='ltr'><strong>dilatione,</strong></span> <span class='ocrx_word' id='word_1_193' title='bbox 628 1598 762 1672; x_wconf 77' lang='lat' dir='ltr'><strong>ejusdem</strong></span> <span class='ocrx_word' id='word_1_194' title='bbox 777 1600 860 1673; x_wconf 84' lang='lat' dir='ltr'><strong>regni</strong></span> <span class='ocrx_word' id='word_1_195' title='bbox 869 1598 954 1656; x_wconf 86' lang='lat' dir='ltr'><strong>intel-</strong></span> <span class='ocrx_word' id='word_1_196' title='bbox 1006 1598 1202 1676; x_wconf 81' lang='lat' dir='ltr'><strong>vosmetipsos</strong></span> <span class='ocrx_word' id='word_1_197' title='bbox 1227 1602 1419 1674; x_wconf 80' lang='lat' dir='ltr'><strong>correxeritis,</strong></span> <span class='ocrx_word' id='word_1_198' title='bbox 1443 1606 1574 1659; x_wconf 86' lang='lat' dir='ltr'><strong>nostram</strong></span> <span class='ocrx_word' id='word_1_199' title='bbox 1599 1600 1831 1659; x_wconf 75' lang='lat' dir='ltr'><strong>dominationem</strong></span> 
     </span>
     <span class='ocr_line' id='line_1_16' title="bbox 127 1688 1830 1767; baseline -0.001 -18"><span class='ocrx_word' id='word_1_200' title='bbox 127 1693 186 1766; x_wconf 89' lang='lat' dir='ltr'><strong>lige</strong></span> <span class='ocrx_word' id='word_1_201' title='bbox 199 1691 286 1764; x_wconf 88' lang='grc'>(796),</span> <span class='ocrx_word' id='word_1_202' title='bbox 314 1690 483 1767; x_wconf 80' lang='lat' dir='ltr'><strong>felicitatem</strong></span> <span class='ocrx_word' id='word_1_203' title='bbox 510 1689 608 1746; x_wconf 88' lang='lat' dir='ltr'><strong>subire</strong></span> <span class='ocrx_word' id='word_1_204' title='bbox 637 1688 761 1762; x_wconf 87' lang='lat' dir='ltr'><strong>passini.</strong></span> <span class='ocrx_word' id='word_1_205' title='bbox 789 1689 870 1754; x_wconf 86' lang='lat' dir='ltr'><strong>Quod</strong></span> <span class='ocrx_word' id='word_1_206' title='bbox 886 1703 953 1745; x_wconf 90' lang='lat' dir='ltr'><strong>vero</strong></span> <span class='ocrx_word' id='word_1_207' title='bbox 1007 1705 1139 1747; x_wconf 82' lang='lat' dir='ltr'><strong>exercere</strong></span> <span class='ocrx_word' id='word_1_208' title='bbox 1152 1707 1210 1747; x_wconf 91' lang='lat' dir='ltr'><strong>non</strong></span> <span class='ocrx_word' id='word_1_209' title='bbox 1226 1706 1396 1763; x_wconf 84' lang='lat' dir='ltr'><strong>possumus,</strong></span> <span class='ocrx_word' id='word_1_210' title='bbox 1409 1690 1478 1763; x_wconf 88' lang='lat' dir='ltr'><strong>qula</strong></span> <span class='ocrx_word' id='word_1_211' title='bbox 1488 1689 1562 1747; x_wconf 88' lang='lat' dir='ltr'><strong>nihil</strong></span> <span class='ocrx_word' id='word_1_212' title='bbox 1575 1692 1715 1748; x_wconf 87' lang='lat' dir='ltr'><strong>adversus</strong></span> <span class='ocrx_word' id='word_1_213' title='bbox 1724 1693 1830 1747; x_wconf 89' lang='lat' dir='ltr'><strong>verita·</strong></span> 
     </span>
     <span class='ocr_line' id='line_1_17' title="bbox 127 1766 1831 1878; baseline -0.001 -40"><span class='ocrx_word' id='word_1_214' title='bbox 127 1781 212 1847; x_wconf 84' lang='lat' dir='ltr'><strong>dicit,</strong></span> <span class='ocrx_word' id='word_1_215' title='bbox 222 1797 258 1836; x_wconf 82' lang='lat' dir='ltr'><strong>err</strong></span> <span class='ocrx_word' id='word_1_216' title='bbox 278 1778 451 1846; x_wconf 82' lang='lat' dir='ltr'><strong>rr‘irtut&#39;ellet,</strong></span> <span class='ocrx_word' id='word_1_217' title='bbox 463 1776 524 1835; x_wconf 85' lang='lat' dir='ltr'><strong>sive</strong></span> <span class='ocrx_word' id='word_1_218' title='bbox 543 1766 648 1846; x_wconf 81' lang='lat' dir='ltr'><strong>Patris,</strong></span> <span class='ocrx_word' id='word_1_219' title='bbox 660 1778 720 1834; x_wconf 86' lang='lat' dir='ltr'><strong>sive</strong></span> <span class='ocrx_word' id='word_1_220' title='bbox 732 1777 865 1849; x_wconf 70' lang='lat' dir='ltr'><strong>quadam</strong></span> <span class='ocrx_word' id='word_1_221' title='bbox 875 1775 951 1833; x_wconf 80' lang='lat' dir='ltr'><strong>Filii.</strong></span> <span class='ocrx_word' id='word_1_222' title='bbox 967 1780 1065 1878; x_wconf 74' lang='lat' dir='ltr'><strong>Btem</strong></span> <span class='ocrx_word' id='word_1_223' title='bbox 1082 1794 1252 1852; x_wconf 86' lang='lat' dir='ltr'><strong>possumus,</strong></span> <span class='ocrx_word' id='word_1_224' title='bbox 1267 1777 1337 1850; x_wconf 95' lang='lat' dir='ltr'><strong>quia</strong></span> <span class='ocrx_word' id='word_1_225' title='bbox 1351 1778 1380 1834; x_wconf 90' lang='lat' dir='ltr'><strong>in</strong></span> <span class='ocrx_word' id='word_1_226' title='bbox 1395 1778 1479 1835; x_wconf 85' lang='lat' dir='ltr'><strong>vobis</strong></span> <span class='ocrx_word' id='word_1_227' title='bbox 1491 1783 1537 1835; x_wconf 86' lang='lat' dir='ltr'><strong>est</strong></span> <span class='ocrx_word' id='word_1_228' title='bbox 1555 1778 1671 1836; x_wconf 73' lang='lat' dir='ltr'><strong>ventas.</strong></span> <span class='ocrx_word' id='word_1_229' title='bbox 1688 1779 1718 1836; x_wconf 88' lang='lat' dir='ltr'><strong>Si</strong></span> <span class='ocrx_word' id='word_1_230' title='bbox 1734 1784 1831 1837; x_wconf 85' lang='lat' dir='ltr'><strong>autem</strong></span> 
     </span>
     <span class='ocr_line' id='line_1_18' title="bbox 128 1858 1833 1942; baseline -0.002 -14"><span class='ocrx_word' id='word_1_231' title='bbox 128 1869 287 1942; x_wconf 79' lang='lat' dir='ltr'><strong>Sequitur:</strong></span> <span class='ocrx_word' id='word_1_232' title='bbox 298 1867 458 1926; x_wconf 75' lang='lat' dir='ltr'><strong>Nemetum</strong></span> <span class='ocrx_word' id='word_1_233' title='bbox 468 1858 678 1938; x_wconf 71' lang='lat' dir='ltr'><strong>io&#39;firrriramns</strong></span> <span class='ocrx_word' id='word_1_234' title='bbox 689 1869 721 1923; x_wconf 82' lang='lat' dir='ltr'><strong>in</strong></span> <span class='ocrx_word' id='word_1_235' title='bbox 730 1867 789 1923; x_wconf 85' lang='lat' dir='ltr'><strong>ilio.</strong></span> <span class='ocrx_word' id='word_1_236' title='bbox 800 1865 865 1923; x_wconf 84' lang='lat' dir='ltr'><strong>llac</strong></span> <span class='ocrx_word' id='word_1_237' title='bbox 875 1866 954 1923; x_wconf 90' lang='lat' dir='ltr'><strong>enim</strong></span> <span class='ocrx_word' id='word_1_238' title='bbox 1009 1868 1061 1923; x_wconf 78' lang='lat' dir='ltr'><strong>ros</strong></span> <span class='ocrx_word' id='word_1_239' title='bbox 1075 1883 1134 1923; x_wconf 90' lang='lat' dir='ltr'><strong>non</strong></span> <span class='ocrx_word' id='word_1_240' title='bbox 1144 1866 1307 1940; x_wconf 85' lang='lat' dir='ltr'><strong>corrigatis,</strong></span> <span class='ocrx_word' id='word_1_241' title='bbox 1320 1882 1479 1939; x_wconf 88' lang='lat' dir='ltr'><strong>possumus</strong></span> <span class='ocrx_word' id='word_1_242' title='bbox 1490 1858 1689 1924; x_wconf 84' lang='lat' dir='ltr'><strong>adversusvoe</strong></span> <span class='ocrx_word' id='word_1_243' title='bbox 1699 1866 1833 1924; x_wconf 86' lang='lat' dir='ltr'><strong>domina·</strong></span> 
     </span>
     <span class='ocr_line' id='line_1_19' title="bbox 127 1946 1835 2032; baseline -0.002 -16"><span class='ocrx_word' id='word_1_244' title='bbox 127 1974 185 2016; x_wconf 81' lang='lat' dir='ltr'><strong>vox</strong></span> <span class='ocrx_word' id='word_1_245' title='bbox 199 1954 399 2032; x_wconf 76' lang='lat' dir='ltr'><strong>apostolorum</strong></span> <span class='ocrx_word' id='word_1_246' title='bbox 413 1960 468 2025; x_wconf 85' lang='lat' dir='ltr'><strong>eet,</strong></span> <span class='ocrx_word' id='word_1_247' title='bbox 484 1962 512 2011; x_wconf 86' lang='lat' dir='ltr'><strong>et</strong></span> <span class='ocrx_word' id='word_1_248' title='bbox 537 1955 734 2031; x_wconf 84' lang='lat' dir='ltr'><strong>perlectorum</strong></span> <span class='ocrx_word' id='word_1_249' title='bbox 749 1950 956 2012; x_wconf 81' lang='lat' dir='ltr'><strong>taniumm&#39;odo</strong></span> <span class='ocrx_word' id='word_1_250' title='bbox 1009 1955 1121 2011; x_wconf 87' lang='lat' dir='ltr'><strong>tionem</strong></span> <span class='ocrx_word' id='word_1_251' title='bbox 1137 1959 1269 2010; x_wconf 88' lang='lat' dir='ltr'><strong>nostram</strong></span> <span class='ocrx_word' id='word_1_252' title='bbox 1284 1968 1428 2024; x_wconf 83' lang='lat' dir='ltr'><strong>exercere,</strong></span> <span class='ocrx_word' id='word_1_253' title='bbox 1444 1955 1515 2028; x_wconf 91' lang='lat' dir='ltr'><strong>qnia</strong></span> <span class='ocrx_word' id='word_1_254' title='bbox 1526 1970 1577 2028; x_wconf 84' lang='lat' dir='ltr'><strong>pro</strong></span> <span class='ocrx_word' id='word_1_255' title='bbox 1588 1946 1705 2012; x_wconf 64' lang='grc'>6677676</span> <span class='ocrx_word' id='word_1_256' title='bbox 1717 1954 1835 2013; x_wconf 87' lang='lat' dir='ltr'><strong>dimica·</strong></span> 
     </span>
     <span class='ocr_line' id='line_1_20' title="bbox 128 2038 1379 2119; baseline -0.005 -14"><span class='ocrx_word' id='word_1_257' title='bbox 128 2042 270 2105; x_wconf 80' lang='lat' dir='ltr'><strong>virorum.</strong></span> <span class='ocrx_word' id='word_1_258' title='bbox 286 2044 400 2116; x_wconf 72' lang='lat' dir='ltr'><strong>infirmo</strong></span> <span class='ocrx_word' id='word_1_259' title='bbox 429 2052 524 2100; x_wconf 79' lang='lat' dir='ltr'><strong>morus</strong></span> <span class='ocrx_word' id='word_1_260' title='bbox 551 2046 583 2100; x_wconf 79' lang='lat' dir='ltr'><strong>iri</strong></span> <span class='ocrx_word' id='word_1_261' title='bbox 609 2044 669 2119; x_wconf 86' lang='lat' dir='ltr'><strong>iilo,</strong></span> <span class='ocrx_word' id='word_1_262' title='bbox 696 2043 751 2101; x_wconf 92' lang='lat' dir='ltr'><strong>hoo</strong></span> <span class='ocrx_word' id='word_1_263' title='bbox 766 2049 821 2111; x_wconf 84' lang='lat' dir='ltr'><strong>eet,</strong></span> <span class='ocrx_word' id='word_1_264' title='bbox 835 2060 887 2115; x_wconf 91' lang='lat' dir='ltr'><strong>pro</strong></span> <span class='ocrx_word' id='word_1_265' title='bbox 905 2041 957 2099; x_wconf 92' lang='lat' dir='ltr'><strong>illo</strong></span> <span class='ocrx_word' id='word_1_266' title='bbox 1001 2038 1089 2115; x_wconf 89' lang='lat' dir='ltr'><strong>mus,</strong></span> <span class='ocrx_word' id='word_1_267' title='bbox 1105 2059 1157 2117; x_wconf 93' lang='lat' dir='ltr'><strong>pro</strong></span> <span class='ocrx_word' id='word_1_268' title='bbox 1171 2043 1254 2098; x_wconf 89' lang='lat' dir='ltr'><strong>vobis</strong></span> <span class='ocrx_word' id='word_1_269' title='bbox 1269 2040 1379 2100; x_wconf 82' lang='lat' dir='ltr'><strong>tamen.</strong></span> 
     </span>
     <span class='ocr_line' id='line_1_21' title="bbox 127 2122 1837 2211; baseline -0.004 -18"><span class='ocrx_word' id='word_1_270' title='bbox 127 2133 442 2211; x_wconf 80' lang='lat' dir='ltr'><strong>pretsnraspa&#39;timur‚</strong></span> <span class='ocrx_word' id='word_1_271' title='bbox 457 2139 486 2190; x_wconf 83' lang='lat' dir='ltr'><strong>et</strong></span> <span class='ocrx_word' id='word_1_272' title='bbox 501 2130 672 2208; x_wconf 82' lang='lat' dir='ltr'><strong>allllgimur.</strong></span> <span class='ocrx_word' id='word_1_273' title='bbox 696 2132 746 2190; x_wconf 86' lang='lat' dir='ltr'><strong>Sed</strong></span> <span class='ocrx_word' id='word_1_274' title='bbox 760 2124 958 2190; x_wconf 73' lang='lat' dir='ltr'><strong>uiuimusoum</strong></span> <span class='ocrx_word' id='word_1_275' title='bbox 1047 2130 1213 2205; x_wconf 79' lang='lat' dir='ltr'><strong>Sequitur:</strong></span> <span class='ocrx_word' id='word_1_276' title='bbox 1243 2131 1400 2188; x_wconf 67' lang='lat' dir='ltr'><strong>tardemus</strong></span> <span class='ocrx_word' id='word_1_277' title='bbox 1428 2132 1521 2188; x_wconf 79' lang='lat' dir='ltr'><strong>tamem</strong></span> <span class='ocrx_word' id='word_1_278' title='bbox 1548 2122 1657 2204; x_wconf 81' lang='lat' dir='ltr'><strong>quando</strong></span> <span class='ocrx_word' id='word_1_279' title='bbox 1685 2130 1759 2203; x_wconf 86' lang='grc'>(797)</span> <span class='ocrx_word' id='word_1_280' title='bbox 1788 2147 1837 2188; x_wconf 84' lang='lat' dir='ltr'><strong>uos</strong></span> 
     </span>
     <span class='ocr_line' id='line_1_22' title="bbox 128 2219 1836 2294; baseline -0.003 -11"><span class='ocrx_word' id='word_1_281' title='bbox 128 2240 159 2283; x_wconf 89' lang='lat' dir='ltr'><strong>eo</strong></span> <span class='ocrx_word' id='word_1_282' title='bbox 175 2240 212 2280; x_wconf 84' lang='lat' dir='ltr'><strong>ex</strong></span> <span class='ocrx_word' id='word_1_283' title='bbox 225 2224 329 2280; x_wconf 82' lang='lat' dir='ltr'><strong>uirtute</strong></span> <span class='ocrx_word' id='word_1_284' title='bbox 343 2222 393 2278; x_wconf 74' lang='lat' dir='ltr'><strong>liei</strong></span> <span class='ocrx_word' id='word_1_285' title='bbox 405 2222 437 2278; x_wconf 81' lang='lat' dir='ltr'><strong>tr</strong></span> <span class='ocrx_word' id='word_1_286' title='bbox 450 2222 539 2278; x_wconf 66' lang='lat' dir='ltr'><strong>motu.</strong></span> <span class='ocrx_word' id='word_1_287' title='bbox 555 2222 644 2288; x_wconf 82' lang='lat' dir='ltr'><strong>Quasi</strong></span> <span class='ocrx_word' id='word_1_288' title='bbox 660 2220 781 2279; x_wconf 77' lang='lat' dir='ltr'><strong>dixisset</strong></span> <span class='ocrx_word' id='word_1_289' title='bbox 792 2240 798 2277; x_wconf 92' lang='lat'><strong>:</strong></span> <span class='ocrx_word' id='word_1_290' title='bbox 809 2219 957 2278; x_wconf 87' lang='lat' dir='ltr'><strong>llosinllr-</strong></span> <span class='ocrx_word' id='word_1_291' title='bbox 1011 2221 1122 2294; x_wconf 75' lang='lat' dir='ltr'><strong>infirmi</strong></span> <span class='ocrx_word' id='word_1_292' title='bbox 1134 2236 1239 2290; x_wconf 79' lang='lat' dir='ltr'><strong>sumus,</strong></span> <span class='ocrx_word' id='word_1_293' title='bbox 1256 2236 1303 2277; x_wconf 82' lang='lat' dir='ltr'><strong>uos</strong></span> <span class='ocrx_word' id='word_1_294' title='bbox 1315 2230 1407 2279; x_wconf 70' lang='lat' dir='ltr'><strong>auum</strong></span> <span class='ocrx_word' id='word_1_295' title='bbox 1419 2228 1539 2294; x_wconf 80' lang='lat' dir='ltr'><strong>potentes</strong></span> <span class='ocrx_word' id='word_1_296' title='bbox 1554 2222 1630 2278; x_wconf 69' lang='lat' dir='ltr'><strong>eois.</strong></span> <span class='ocrx_word' id='word_1_297' title='bbox 1641 2222 1777 2280; x_wconf 83' lang='lat' dir='ltr'><strong>Ostendit</strong></span> <span class='ocrx_word' id='word_1_298' title='bbox 1788 2219 1836 2278; x_wconf 89' lang='lat' dir='ltr'><strong>hle</strong></span> 
     </span>
     <span class='ocr_line' id='line_1_23' title="bbox 128 2298 1834 2388; baseline -0.003 -17"><span class='ocrx_word' id='word_1_299' title='bbox 128 2314 251 2371; x_wconf 79' lang='lat' dir='ltr'><strong>tuemur</strong></span> <span class='ocrx_word' id='word_1_300' title='bbox 265 2306 503 2388; x_wconf 81' lang='lat' dir='ltr'><strong>a&#39;pudinlideles,</strong></span> <span class='ocrx_word' id='word_1_301' title='bbox 527 2311 598 2383; x_wconf 92' lang='lat' dir='ltr'><strong>quia</strong></span> <span class='ocrx_word' id='word_1_302' title='bbox 621 2327 679 2384; x_wconf 93' lang='lat' dir='ltr'><strong>quo</strong></span> <span class='ocrx_word' id='word_1_303' title='bbox 701 2310 813 2383; x_wconf 78' lang='lat' dir='ltr'><strong>majora</strong></span> <span class='ocrx_word' id='word_1_304' title='bbox 827 2324 882 2367; x_wconf 90' lang='lat' dir='ltr'><strong>nos</strong></span> <span class='ocrx_word' id='word_1_305' title='bbox 896 2306 957 2383; x_wconf 86' lang='lat' dir='ltr'><strong>pati</strong></span> <span class='ocrx_word' id='word_1_306' title='bbox 1010 2306 1107 2368; x_wconf 80' lang='lat' dir='ltr'><strong>&#39;uerbis</strong></span> <span class='ocrx_word' id='word_1_307' title='bbox 1122 2303 1279 2384; x_wconf 67' lang='lat' dir='ltr'><strong>Apostolus</strong></span> <span class='ocrx_word' id='word_1_308' title='bbox 1291 2327 1322 2367; x_wconf 88' lang='lat' dir='ltr'><strong>se</strong></span> <span class='ocrx_word' id='word_1_309' title='bbox 1338 2311 1373 2367; x_wconf 89' lang='lat' dir='ltr'><strong>de</strong></span> <span class='ocrx_word' id='word_1_310' title='bbox 1388 2324 1490 2367; x_wconf 88' lang='lat' dir='ltr'><strong>eorum</strong></span> <span class='ocrx_word' id='word_1_311' title='bbox 1505 2310 1591 2368; x_wconf 88' lang='lat' dir='ltr'><strong>bonis</strong></span> <span class='ocrx_word' id='word_1_312' title='bbox 1610 2298 1748 2385; x_wconf 80' lang='lat' dir='ltr'><strong>operibus</strong></span> <span class='ocrx_word' id='word_1_313' title='bbox 1763 2322 1834 2384; x_wconf 84' lang='lat' dir='ltr'><strong>gau·</strong></span> 
     </span>
     <span class='ocr_line' id='line_1_24' title="bbox 130 2394 1836 2472; baseline -0.003 -13"><span class='ocrx_word' id='word_1_314' title='bbox 130 2400 256 2469; x_wconf 75' lang='grc'>7661667,</span> <span class='ocrx_word' id='word_1_315' title='bbox 271 2414 305 2456; x_wconf 91' lang='lat' dir='ltr'><strong>eo</strong></span> <span class='ocrx_word' id='word_1_316' title='bbox 316 2398 494 2456; x_wconf 79' lang='lat' dir='ltr'><strong>infirmiores</strong></span> <span class='ocrx_word' id='word_1_317' title='bbox 508 2402 636 2472; x_wconf 72' lang='lat' dir='ltr'><strong>putant:</strong></span> <span class='ocrx_word' id='word_1_318' title='bbox 661 2397 692 2454; x_wconf 91' lang='lat' dir='ltr'><strong>in</strong></span> <span class='ocrx_word' id='word_1_319' title='bbox 716 2397 800 2455; x_wconf 87' lang='lat' dir='ltr'><strong>vobis</strong></span> <span class='ocrx_word' id='word_1_320' title='bbox 820 2394 956 2469; x_wconf 85' lang='lat' dir='ltr'><strong>vivimus,</strong></span> <span class='ocrx_word' id='word_1_321' title='bbox 1011 2399 1091 2467; x_wconf 86' lang='lat' dir='ltr'><strong>dere,</strong></span> <span class='ocrx_word' id='word_1_322' title='bbox 1107 2412 1141 2456; x_wconf 86' lang='lat' dir='ltr'><strong>ac</strong></span> <span class='ocrx_word' id='word_1_323' title='bbox 1155 2398 1180 2456; x_wconf 91' lang='lat' dir='ltr'><strong>si</strong></span> <span class='ocrx_word' id='word_1_324' title='bbox 1196 2398 1336 2455; x_wconf 82' lang='lat' dir='ltr'><strong>dixisset:</strong></span> <span class='ocrx_word' id='word_1_325' title='bbox 1365 2398 1395 2455; x_wconf 90' lang='lat' dir='ltr'><strong>Si</strong></span> <span class='ocrx_word' id='word_1_326' title='bbox 1425 2397 1539 2456; x_wconf 79' lang='lat' dir='ltr'><strong>sortiter</strong></span> <span class='ocrx_word' id='word_1_327' title='bbox 1566 2415 1599 2455; x_wconf 89' lang='lat' dir='ltr'><strong>ac</strong></span> <span class='ocrx_word' id='word_1_328' title='bbox 1612 2402 1745 2472; x_wconf 86' lang='lat' dir='ltr'><strong>potenter</strong></span> <span class='ocrx_word' id='word_1_329' title='bbox 1757 2397 1836 2454; x_wconf 84' lang='lat' dir='ltr'><strong>vitiis</strong></span> 
     </span>
     <span class='ocr_line' id='line_1_25' title="bbox 131 2484 1833 2564; baseline -0.003 -17"><span class='ocrx_word' id='word_1_330' title='bbox 131 2485 955 2564; x_wconf 83' lang='lat' dir='ltr'><strong>qulaeofortioresintelligitis,quomrq&#39;orapatividetis.</strong></span> <span class='ocrx_word' id='word_1_331' title='bbox 1011 2484 1833 2560; x_wconf 82' lang='lat' dir='ltr'><strong>resistetis,nosquidomgnudemus,quiatunuinflrml,</strong></span> 
     </span>
     <span class='ocr_line' id='line_1_26' title="bbox 132 2569 1835 2651; baseline -0.002 -15"><span class='ocrx_word' id='word_1_332' title='bbox 132 2578 301 2637; x_wconf 83' lang='lat' dir='ltr'><strong>Secundum</strong></span> <span class='ocrx_word' id='word_1_333' title='bbox 315 2576 371 2633; x_wconf 89' lang='lat' dir='ltr'><strong>hoo</strong></span> <span class='ocrx_word' id='word_1_334' title='bbox 385 2578 452 2632; x_wconf 83' lang='lat' dir='ltr'><strong>vero</strong></span> <span class='ocrx_word' id='word_1_335' title='bbox 468 2574 546 2648; x_wconf 87' lang='lat' dir='ltr'><strong>quod</strong></span> <span class='ocrx_word' id='word_1_336' title='bbox 557 2573 676 2648; x_wconf 83' lang='lat' dir='ltr'><strong>legitur,</strong></span> <span class='ocrx_word' id='word_1_337' title='bbox 691 2576 821 2648; x_wconf 74' lang='lat' dir='ltr'><strong>morinos,</strong></span> <span class='ocrx_word' id='word_1_338' title='bbox 833 2574 901 2651; x_wconf 89' lang='lat' dir='ltr'><strong>talis</strong></span> <span class='ocrx_word' id='word_1_339' title='bbox 911 2574 958 2631; x_wconf 87' lang='lat' dir='ltr'><strong>est</strong></span> <span class='ocrx_word' id='word_1_340' title='bbox 1011 2575 1041 2634; x_wconf 89' lang='lat' dir='ltr'><strong>id</strong></span> <span class='ocrx_word' id='word_1_341' title='bbox 1052 2581 1106 2647; x_wconf 88' lang='lat' dir='ltr'><strong>aet,</strong></span> <span class='ocrx_word' id='word_1_342' title='bbox 1121 2575 1248 2633; x_wconf 86' lang='lat' dir='ltr'><strong>humiles</strong></span> <span class='ocrx_word' id='word_1_343' title='bbox 1259 2569 1409 2644; x_wconf 79' lang='lat' dir='ltr'><strong>sumus3si</strong></span> <span class='ocrx_word' id='word_1_344' title='bbox 1420 2591 1488 2632; x_wconf 87' lang='lat' dir='ltr'><strong>vero</strong></span> <span class='ocrx_word' id='word_1_345' title='bbox 1498 2590 1548 2632; x_wconf 83' lang='lat' dir='ltr'><strong>vos</strong></span> <span class='ocrx_word' id='word_1_346' title='bbox 1558 2573 1706 2632; x_wconf 84' lang='lat' dir='ltr'><strong>vitiisnon</strong></span> <span class='ocrx_word' id='word_1_347' title='bbox 1718 2574 1835 2632; x_wconf 87' lang='lat' dir='ltr'><strong>resista·</strong></span> 
     </span>
     <span class='ocr_line' id='line_1_27' title="bbox 132 2662 1835 2745; baseline -0.002 -20"><span class='ocrx_word' id='word_1_348' title='bbox 132 2675 251 2735; x_wconf 75' lang='lat' dir='ltr'><strong>masos,</strong></span> <span class='ocrx_word' id='word_1_349' title='bbox 267 2665 342 2745; x_wconf 80' lang='lat' dir='ltr'><strong>quia</strong></span> <span class='ocrx_word' id='word_1_350' title='bbox 363 2664 389 2721; x_wconf 91' lang='lat' dir='ltr'><strong>si</strong></span> <span class='ocrx_word' id='word_1_351' title='bbox 418 2663 637 2736; x_wconf 88' lang='lat' dir='ltr'><strong>commorimur,</strong></span> <span class='ocrx_word' id='word_1_352' title='bbox 653 2669 683 2721; x_wconf 88' lang='lat' dir='ltr'><strong>et</strong></span> <span class='ocrx_word' id='word_1_353' title='bbox 710 2662 956 2738; x_wconf 77' lang='lat' dir='ltr'><strong>conregnabimus</strong></span> <span class='ocrx_word' id='word_1_354' title='bbox 1010 2666 1061 2734; x_wconf 86' lang='lat' dir='ltr'><strong>tis,</strong></span> <span class='ocrx_word' id='word_1_355' title='bbox 1075 2681 1130 2722; x_wconf 88' lang='lat' dir='ltr'><strong>nos</strong></span> <span class='ocrx_word' id='word_1_356' title='bbox 1145 2666 1278 2737; x_wconf 88' lang='lat' dir='ltr'><strong>potentes</strong></span> <span class='ocrx_word' id='word_1_357' title='bbox 1293 2680 1408 2733; x_wconf 87' lang='lat' dir='ltr'><strong>snmus,</strong></span> <span class='ocrx_word' id='word_1_358' title='bbox 1435 2678 1487 2722; x_wconf 85' lang='lat' dir='ltr'><strong>voe</strong></span> <span class='ocrx_word' id='word_1_359' title='bbox 1502 2667 1600 2721; x_wconf 87' lang='lat' dir='ltr'><strong>autem</strong></span> <span class='ocrx_word' id='word_1_360' title='bbox 1626 2663 1747 2732; x_wconf 77' lang='lat' dir='ltr'><strong>infirmi,</strong></span> <span class='ocrx_word' id='word_1_361' title='bbox 1764 2663 1835 2737; x_wconf 90' lang='lat' dir='ltr'><strong>quia</strong></span> 
     </span>
     <span class='ocr_line' id='line_1_28' title="bbox 133 2752 1831 2830; baseline -0.003 -15"><span class='ocrx_word' id='word_1_362' title='bbox 133 2758 222 2830; x_wconf 77' lang='lat' dir='ltr'><strong>(eom.</strong></span> <span class='ocrx_word' id='word_1_363' title='bbox 238 2755 368 2824; x_wconf 69' lang='grc'>66617).</span> <span class='ocrx_word' id='word_1_364' title='bbox 1011 2762 1100 2828; x_wconf 82' lang='lat' dir='ltr'><strong>super</strong></span> <span class='ocrx_word' id='word_1_365' title='bbox 1112 2770 1164 2811; x_wconf 85' lang='lat' dir='ltr'><strong>vos</strong></span> <span class='ocrx_word' id='word_1_366' title='bbox 1177 2752 1411 2810; x_wconf 87' lang='lat' dir='ltr'><strong>dominationem</strong></span> <span class='ocrx_word' id='word_1_367' title='bbox 1426 2759 1533 2810; x_wconf 80' lang='lat' dir='ltr'><strong>nostra</strong></span> <span class='ocrx_word' id='word_1_368' title='bbox 1551 2752 1736 2810; x_wconf 76' lang='lat' dir='ltr'><strong>auctoritatis</strong></span> <span class='ocrx_word' id='word_1_369' title='bbox 1750 2768 1831 2810; x_wconf 87' lang='lat' dir='ltr'><strong>exer·</strong></span> 
     </span>
     <span class='ocr_line' id='line_1_29' title="bbox 169 2841 1265 2918; baseline -0.005 -16"><span class='ocrx_word' id='word_1_370' title='bbox 169 2844 331 2918; x_wconf 83' lang='lat' dir='ltr'><strong>Sequitur:</strong></span> <span class='ocrx_word' id='word_1_371' title='bbox 352 2843 531 2916; x_wconf 68' lang='lat' dir='ltr'><strong>vosmetipsos</strong></span> <span class='ocrx_word' id='word_1_372' title='bbox 548 2841 662 2912; x_wconf 86' lang='lat' dir='ltr'><strong>tentate,</strong></span> <span class='ocrx_word' id='word_1_373' title='bbox 686 2846 752 2912; x_wconf 76' lang='lat' dir='ltr'><strong>eto,</strong></span> <span class='ocrx_word' id='word_1_374' title='bbox 776 2842 832 2899; x_wconf 91' lang='lat' dir='ltr'><strong>hoc</strong></span> <span class='ocrx_word' id='word_1_375' title='bbox 856 2845 910 2910; x_wconf 88' lang='lat' dir='ltr'><strong>est,</strong></span> <span class='ocrx_word' id='word_1_376' title='bbox 926 2841 956 2897; x_wconf 90' lang='lat' dir='ltr'><strong>in</strong></span> <span class='ocrx_word' id='word_1_377' title='bbox 1011 2858 1076 2901; x_wconf 88' lang='lat' dir='ltr'><strong>cere</strong></span> <span class='ocrx_word' id='word_1_378' title='bbox 1095 2856 1265 2915; x_wconf 89' lang='lat' dir='ltr'><strong>possumus.</strong></span> 
     </span>
     <span class='ocr_line' id='line_1_30' title="bbox 134 2928 1833 3005; baseline -0.002 -13"><span class='ocrx_word' id='word_1_379' title='bbox 134 2934 311 2993; x_wconf 85' lang='lat' dir='ltr'><strong>alterutrum</strong></span> <span class='ocrx_word' id='word_1_380' title='bbox 324 2946 376 2989; x_wconf 89' lang='lat' dir='ltr'><strong>vos</strong></span> <span class='ocrx_word' id='word_1_381' title='bbox 389 2931 538 2997; x_wconf 87' lang='lat' dir='ltr'><strong>discutite,</strong></span> <span class='ocrx_word' id='word_1_382' title='bbox 562 2947 615 2987; x_wconf 89' lang='lat' dir='ltr'><strong>nec</strong></span> <span class='ocrx_word' id='word_1_383' title='bbox 638 2947 696 2987; x_wconf 92' lang='lat' dir='ltr'><strong>non</strong></span> <span class='ocrx_word' id='word_1_384' title='bbox 716 2933 745 2986; x_wconf 89' lang='lat' dir='ltr'><strong>et</strong></span> <span class='ocrx_word' id='word_1_385' title='bbox 759 2930 957 2986; x_wconf 89' lang='lat' dir='ltr'><strong>tentationum</strong></span> <span class='ocrx_word' id='word_1_386' title='bbox 1027 2950 1031 2957; x_wconf 92' lang='lat'><strong>·</strong></span> <span class='ocrx_word' id='word_1_387' title='bbox 1049 2931 1162 2988; x_wconf 85' lang='lat' dir='ltr'><strong>Debent</strong></span> <span class='ocrx_word' id='word_1_388' title='bbox 1177 2928 1265 2986; x_wconf 84' lang='lat' dir='ltr'><strong>ettam</strong></span> <span class='ocrx_word' id='word_1_389' title='bbox 1280 2934 1310 2985; x_wconf 85' lang='lat' dir='ltr'><strong>at</strong></span> <span class='ocrx_word' id='word_1_390' title='bbox 1328 2945 1407 2985; x_wconf 89' lang='lat' dir='ltr'><strong>nunc</strong></span> <span class='ocrx_word' id='word_1_391' title='bbox 1435 2928 1640 3003; x_wconf 74' lang='lat' dir='ltr'><strong>predicatores</strong></span> <span class='ocrx_word' id='word_1_392' title='bbox 1668 2929 1722 2986; x_wconf 91' lang='lat' dir='ltr'><strong>hoo</strong></span> <span class='ocrx_word' id='word_1_393' title='bbox 1737 2944 1833 3005; x_wconf 79' lang='lat' dir='ltr'><strong>agere,</strong></span> 
     </span>
     <span class='ocr_line' id='line_1_31' title="bbox 134 3016 1837 3098; baseline -0.004 -18"><span class='ocrx_word' id='word_1_394' title='bbox 134 3022 267 3098; x_wconf 84' lang='lat' dir='ltr'><strong>pericula</strong></span> <span class='ocrx_word' id='word_1_395' title='bbox 280 3026 348 3077; x_wconf 89' lang='lat' dir='ltr'><strong>ante</strong></span> <span class='ocrx_word' id='word_1_396' title='bbox 364 3019 464 3076; x_wconf 86' lang='lat' dir='ltr'><strong>oculos</strong></span> <span class='ocrx_word' id='word_1_397' title='bbox 478 3017 620 3089; x_wconf 79' lang='lat' dir='ltr'><strong>reuocate,</strong></span> <span class='ocrx_word' id='word_1_398' title='bbox 650 3023 679 3075; x_wconf 91' lang='lat' dir='ltr'><strong>et</strong></span> <span class='ocrx_word' id='word_1_399' title='bbox 706 3019 791 3091; x_wconf 81' lang='lat' dir='ltr'><strong>cujus</strong></span> <span class='ocrx_word' id='word_1_400' title='bbox 803 3017 875 3074; x_wconf 86' lang='lat' dir='ltr'><strong>estis</strong></span> <span class='ocrx_word' id='word_1_401' title='bbox 890 3016 956 3073; x_wconf 84' lang='lat' dir='ltr'><strong>ildei</strong></span> <span class='ocrx_word' id='word_1_402' title='bbox 1014 3019 1070 3076; x_wconf 92' lang='lat' dir='ltr'><strong>hoc</strong></span> <span class='ocrx_word' id='word_1_403' title='bbox 1084 3023 1138 3086; x_wconf 88' lang='lat' dir='ltr'><strong>est,</strong></span> <span class='ocrx_word' id='word_1_404' title='bbox 1155 3018 1180 3074; x_wconf 89' lang='lat' dir='ltr'><strong>ai</strong></span> <span class='ocrx_word' id='word_1_405' title='bbox 1195 3034 1297 3074; x_wconf 89' lang='lat' dir='ltr'><strong>eorum</strong></span> <span class='ocrx_word' id='word_1_406' title='bbox 1313 3018 1460 3073; x_wconf 89' lang='lat' dir='ltr'><strong>auditores</strong></span> <span class='ocrx_word' id='word_1_407' title='bbox 1485 3022 1618 3091; x_wconf 86' lang='lat' dir='ltr'><strong>potentes</strong></span> <span class='ocrx_word' id='word_1_408' title='bbox 1632 3022 1712 3087; x_wconf 91' lang='lat' dir='ltr'><strong>sunt,</strong></span> <span class='ocrx_word' id='word_1_409' title='bbox 1728 3019 1837 3075; x_wconf 89' lang='lat' dir='ltr'><strong>debent</strong></span> 
     </span>
     <span class='ocr_line' id='line_1_32' title="bbox 134 3094 1838 3187; baseline -0.003 -18"><span class='ocrx_word' id='word_1_410' title='bbox 134 3118 226 3187; x_wconf 88' lang='lat' dir='ltr'><strong>atque</strong></span> <span class='ocrx_word' id='word_1_411' title='bbox 236 3110 356 3167; x_wconf 84' lang='lat' dir='ltr'><strong>virtutis</strong></span> <span class='ocrx_word' id='word_1_412' title='bbox 371 3108 563 3165; x_wconf 87' lang='lat' dir='ltr'><strong>considerate.</strong></span> <span class='ocrx_word' id='word_1_413' title='bbox 574 3105 650 3163; x_wconf 87' lang='lat' dir='ltr'><strong>Sane</strong></span> <span class='ocrx_word' id='word_1_414' title='bbox 664 3094 817 3163; x_wconf 80' lang='lat' dir='ltr'><strong>&#39;sciendum</strong></span> <span class='ocrx_word' id='word_1_415' title='bbox 829 3106 900 3178; x_wconf 91' lang='lat' dir='ltr'><strong>quia</strong></span> <span class='ocrx_word' id='word_1_416' title='bbox 913 3110 959 3161; x_wconf 85' lang='lat' dir='ltr'><strong>eet</strong></span> <span class='ocrx_word' id='word_1_417' title='bbox 1016 3124 1082 3166; x_wconf 85' lang='lat' dir='ltr'><strong>esse</strong></span> <span class='ocrx_word' id='word_1_418' title='bbox 1092 3107 1201 3162; x_wconf 88' lang='lat' dir='ltr'><strong>inllrmi</strong></span> <span class='ocrx_word' id='word_1_419' title='bbox 1215 3122 1221 3162; x_wconf 94' lang='lat'><strong>:</strong></span> <span class='ocrx_word' id='word_1_420' title='bbox 1233 3111 1262 3161; x_wconf 90' lang='lat' dir='ltr'><strong>et</strong></span> <span class='ocrx_word' id='word_1_421' title='bbox 1274 3105 1298 3162; x_wconf 89' lang='lat' dir='ltr'><strong>si</strong></span> <span class='ocrx_word' id='word_1_422' title='bbox 1309 3104 1458 3162; x_wconf 88' lang='lat' dir='ltr'><strong>auditores</strong></span> <span class='ocrx_word' id='word_1_423' title='bbox 1468 3104 1589 3176; x_wconf 80' lang='lat' dir='ltr'><strong>infirmi,</strong></span> <span class='ocrx_word' id='word_1_424' title='bbox 1600 3105 1641 3161; x_wconf 94' lang='lat' dir='ltr'><strong>illi</strong></span> <span class='ocrx_word' id='word_1_425' title='bbox 1655 3106 1762 3163; x_wconf 88' lang='lat' dir='ltr'><strong>debent</strong></span> <span class='ocrx_word' id='word_1_426' title='bbox 1773 3121 1838 3164; x_wconf 88' lang='lat' dir='ltr'><strong>esse</strong></span> 
     </span>
     <span class='ocr_line' id='line_1_33' title="bbox 132 3173 1944 3273; baseline -0.004 -15"><span class='ocrx_word' id='word_1_427' title='bbox 132 3201 258 3258; x_wconf 86' lang='lat' dir='ltr'><strong>tentatio</strong></span> <span class='ocrx_word' id='word_1_428' title='bbox 270 3197 463 3272; x_wconf 84' lang='lat' dir='ltr'><strong>probationis,</strong></span> <span class='ocrx_word' id='word_1_429' title='bbox 476 3200 521 3250; x_wconf 87' lang='lat' dir='ltr'><strong>est</strong></span> <span class='ocrx_word' id='word_1_430' title='bbox 531 3200 560 3265; x_wconf 87' lang='lat' dir='ltr'><strong>et</strong></span> <span class='ocrx_word' id='word_1_431' title='bbox 569 3193 770 3267; x_wconf 83' lang='lat' dir='ltr'><strong>deceptionis:</strong></span> <span class='ocrx_word' id='word_1_432' title='bbox 792 3193 842 3249; x_wconf 86' lang='lat' dir='ltr'><strong>sed</strong></span> <span class='ocrx_word' id='word_1_433' title='bbox 855 3173 998 3264; x_wconf 79' lang='lat' dir='ltr'><strong>proba-G</strong></span> <span class='ocrx_word' id='word_1_434' title='bbox 1018 3201 1163 3270; x_wconf 80' lang='lat' dir='ltr'><strong>potentes.</strong></span> <span class='ocrx_word' id='word_1_435' title='bbox 1181 3194 1337 3266; x_wconf 83' lang='lat' dir='ltr'><strong>Sequitur:</strong></span> <span class='ocrx_word' id='word_1_436' title='bbox 1355 3198 1413 3250; x_wconf 83' lang='lat' dir='ltr'><strong>lloc</strong></span> <span class='ocrx_word' id='word_1_437' title='bbox 1426 3198 1454 3249; x_wconf 89' lang='lat' dir='ltr'><strong>et</strong></span> <span class='ocrx_word' id='word_1_438' title='bbox 1475 3209 1596 3273; x_wconf 83' lang='lat' dir='ltr'><strong>oramus,</strong></span> <span class='ocrx_word' id='word_1_439' title='bbox 1619 3193 1648 3249; x_wconf 92' lang='lat' dir='ltr'><strong>id</strong></span> <span class='ocrx_word' id='word_1_440' title='bbox 1669 3198 1724 3262; x_wconf 86' lang='lat' dir='ltr'><strong>eat,</strong></span> <span class='ocrx_word' id='word_1_441' title='bbox 1741 3200 1774 3251; x_wconf 88' lang='lat' dir='ltr'><strong>ut</strong></span> <span class='ocrx_word' id='word_1_442' title='bbox 1789 3211 1839 3251; x_wconf 90' lang='lat' dir='ltr'><strong>vos</strong></span> <span class='ocrx_word' id='word_1_443' title='bbox 1941 3201 1944 3207; x_wconf 88' lang='lat'>&#39;</span> 
     </span>
     <span class='ocr_line' id='line_1_34' title="bbox 133 3279 1840 3358; baseline -0.004 -12"><span class='ocrx_word' id='word_1_444' title='bbox 133 3279 226 3348; x_wconf 88' lang='lat' dir='ltr'><strong>tionis</strong></span> <span class='ocrx_word' id='word_1_445' title='bbox 240 3300 258 3345; x_wconf 85' lang='lat' dir='ltr'><strong>a</strong></span> <span class='ocrx_word' id='word_1_446' title='bbox 272 3287 340 3358; x_wconf 80' lang='lat' dir='ltr'><strong>Deo,</strong></span> <span class='ocrx_word' id='word_1_447' title='bbox 357 3283 537 3357; x_wconf 87' lang='lat' dir='ltr'><strong>deceptionis</strong></span> <span class='ocrx_word' id='word_1_448' title='bbox 561 3299 627 3339; x_wconf 82' lang='lat' dir='ltr'><strong>vero</strong></span> <span class='ocrx_word' id='word_1_449' title='bbox 653 3299 669 3339; x_wconf 86' lang='lat' dir='ltr'><strong>a</strong></span> <span class='ocrx_word' id='word_1_450' title='bbox 692 3282 819 3354; x_wconf 85' lang='lat' dir='ltr'><strong>diabolo,</strong></span> <span class='ocrx_word' id='word_1_451' title='bbox 835 3285 962 3353; x_wconf 89' lang='lat' dir='ltr'><strong>utraque</strong></span> <span class='ocrx_word' id='word_1_452' title='bbox 1019 3285 1087 3341; x_wconf 89' lang='lat' dir='ltr'><strong>sitis</strong></span> <span class='ocrx_word' id='word_1_453' title='bbox 1103 3282 1186 3357; x_wconf 86' lang='grc'>(798).</span> <span class='ocrx_word' id='word_1_454' title='bbox 1203 3282 1238 3339; x_wconf 77' lang='lat' dir='ltr'><strong>et</strong></span> <span class='ocrx_word' id='word_1_455' title='bbox 1252 3281 1308 3339; x_wconf 88' lang='lat' dir='ltr'><strong>hoc</strong></span> <span class='ocrx_word' id='word_1_456' title='bbox 1322 3282 1457 3355; x_wconf 88' lang='lat' dir='ltr'><strong>estquod</strong></span> <span class='ocrx_word' id='word_1_457' title='bbox 1474 3280 1626 3354; x_wconf 87' lang='lat' dir='ltr'><strong>sequitur:</strong></span> <span class='ocrx_word' id='word_1_458' title='bbox 1645 3284 1764 3340; x_wconf 80' lang='lat' dir='ltr'><strong>Vestram</strong></span> <span class='ocrx_word' id='word_1_459' title='bbox 1778 3299 1840 3340; x_wconf 85' lang='lat' dir='ltr'><strong>con-</strong></span> 
     </span>
     <span class='ocr_line' id='line_1_35' title="bbox 131 3366 1576 3445; baseline -0.007 -10"><span class='ocrx_word' id='word_1_460' title='bbox 131 3382 237 3435; x_wconf 82' lang='lat' dir='ltr'><strong>tame&#39;n</strong></span> <span class='ocrx_word' id='word_1_461' title='bbox 252 3376 289 3431; x_wconf 87' lang='lat' dir='ltr'><strong>ab</strong></span> <span class='ocrx_word' id='word_1_462' title='bbox 304 3372 433 3431; x_wconf 85' lang='lat' dir='ltr'><strong>homine.</strong></span> <span class='ocrx_word' id='word_1_463' title='bbox 449 3373 505 3430; x_wconf 87' lang='lat' dir='ltr'><strong>Sed</strong></span> <span class='ocrx_word' id='word_1_464' title='bbox 520 3371 569 3428; x_wconf 91' lang='lat' dir='ltr'><strong>hio</strong></span> <span class='ocrx_word' id='word_1_465' title='bbox 579 3371 761 3444; x_wconf 88' lang='lat' dir='ltr'><strong>probationis</strong></span> <span class='ocrx_word' id='word_1_466' title='bbox 770 3366 963 3445; x_wconf 88' lang='lat' dir='ltr'><strong>intelligendu</strong></span> <span class='ocrx_word' id='word_1_467' title='bbox 1016 3373 1239 3443; x_wconf 75' lang='lat' dir='ltr'><strong>summariorum,</strong></span> <span class='ocrx_word' id='word_1_468' title='bbox 1253 3370 1283 3426; x_wconf 92' lang='lat' dir='ltr'><strong>id</strong></span> <span class='ocrx_word' id='word_1_469' title='bbox 1299 3376 1344 3427; x_wconf 89' lang='lat' dir='ltr'><strong>est</strong></span> <span class='ocrx_word' id='word_1_470' title='bbox 1358 3368 1576 3442; x_wconf 81' lang='lat' dir='ltr'><strong>perlectionem.</strong></span> 
     </span>
     <span class='ocr_line' id='line_1_36' title="bbox 132 3456 1841 3535; baseline -0.003 -11"><span class='ocrx_word' id='word_1_471' title='bbox 132 3470 181 3524; x_wconf 89' lang='lat' dir='ltr'><strong>eet</strong></span> <span class='ocrx_word' id='word_1_472' title='bbox 191 3464 326 3521; x_wconf 86' lang='lat' dir='ltr'><strong>tentatio.</strong></span> <span class='ocrx_word' id='word_1_473' title='bbox 337 3462 373 3518; x_wconf 76' lang='lat' dir='ltr'><strong>at</strong></span> <span class='ocrx_word' id='word_1_474' title='bbox 382 3462 438 3519; x_wconf 88' lang='lat' dir='ltr'><strong>boc</strong></span> <span class='ocrx_word' id='word_1_475' title='bbox 448 3461 601 3518; x_wconf 81' lang='lat' dir='ltr'><strong>sciendum</strong></span> <span class='ocrx_word' id='word_1_476' title='bbox 612 3461 682 3532; x_wconf 92' lang='lat' dir='ltr'><strong>quia</strong></span> <span class='ocrx_word' id='word_1_477' title='bbox 696 3460 762 3533; x_wconf 87' lang='lat' dir='ltr'><strong>ipsa</strong></span> <span class='ocrx_word' id='word_1_478' title='bbox 773 3461 887 3517; x_wconf 83' lang='lat' dir='ltr'><strong>alterna</strong></span> <span class='ocrx_word' id='word_1_479' title='bbox 898 3474 963 3531; x_wconf 90' lang='lat' dir='ltr'><strong>pro-</strong></span> <span class='ocrx_word' id='word_1_480' title='bbox 1053 3459 1209 3533; x_wconf 74' lang='lat' dir='ltr'><strong>sequitur:</strong></span> <span class='ocrx_word' id='word_1_481' title='bbox 1226 3460 1287 3516; x_wconf 82' lang='lat' dir='ltr'><strong>ideo</strong></span> <span class='ocrx_word' id='word_1_482' title='bbox 1302 3456 1362 3517; x_wconf 67' lang='lat' dir='ltr'><strong>beo</strong></span> <span class='ocrx_word' id='word_1_483' title='bbox 1375 3459 1473 3516; x_wconf 77' lang='lat' dir='ltr'><strong>absens</strong></span> <span class='ocrx_word' id='word_1_484' title='bbox 1486 3459 1587 3527; x_wconf 84' lang='lat' dir='ltr'><strong>scribo,</strong></span> <span class='ocrx_word' id='word_1_485' title='bbox 1604 3465 1637 3516; x_wconf 87' lang='lat' dir='ltr'><strong>ut</strong></span> <span class='ocrx_word' id='word_1_486' title='bbox 1650 3474 1705 3517; x_wconf 82' lang='lat' dir='ltr'><strong>nom</strong></span> <span class='ocrx_word' id='word_1_487' title='bbox 1717 3474 1841 3535; x_wconf 76' lang='lat' dir='ltr'><strong>praesens</strong></span> 
     </span>
     <span class='ocr_line' id='line_1_37' title="bbox 135 3540 1841 3624; baseline -0.002 -12"><span class='ocrx_word' id='word_1_488' title='bbox 135 3540 219 3612; x_wconf 75' lang='lat' dir='ltr'><strong>nitio</strong></span> <span class='ocrx_word' id='word_1_489' title='bbox 234 3556 322 3624; x_wconf 89' lang='lat' dir='ltr'><strong>atque</strong></span> <span class='ocrx_word' id='word_1_490' title='bbox 339 3549 484 3607; x_wconf 88' lang='lat' dir='ltr'><strong>discussio</strong></span> <span class='ocrx_word' id='word_1_491' title='bbox 509 3546 669 3621; x_wconf 89' lang='lat' dir='ltr'><strong>plurimum</strong></span> <span class='ocrx_word' id='word_1_492' title='bbox 694 3547 875 3623; x_wconf 69' lang='lat' dir='ltr'><strong>velationis</strong></span> <span class='ocrx_word' id='word_1_493' title='bbox 889 3546 962 3603; x_wconf 92' lang='lat' dir='ltr'><strong>illud</strong></span> <span class='ocrx_word' id='word_1_494' title='bbox 1017 3550 1115 3607; x_wconf 85' lang='lat' dir='ltr'><strong>durias</strong></span> <span class='ocrx_word' id='word_1_495' title='bbox 1129 3564 1221 3620; x_wconf 81' lang='lat' dir='ltr'><strong>aqum.</strong></span> <span class='ocrx_word' id='word_1_496' title='bbox 1238 3548 1365 3605; x_wconf 89' lang='lat' dir='ltr'><strong>lncussit</strong></span> <span class='ocrx_word' id='word_1_497' title='bbox 1379 3547 1457 3604; x_wconf 89' lang='lat' dir='ltr'><strong>enim</strong></span> <span class='ocrx_word' id='word_1_498' title='bbox 1472 3548 1519 3605; x_wconf 89' lang='lat' dir='ltr'><strong>his</strong></span> <span class='ocrx_word' id='word_1_499' title='bbox 1534 3549 1630 3606; x_wconf 88' lang='lat' dir='ltr'><strong>verbis</strong></span> <span class='ocrx_word' id='word_1_500' title='bbox 1644 3551 1792 3620; x_wconf 86' lang='lat' dir='ltr'><strong>timorem,</strong></span> <span class='ocrx_word' id='word_1_501' title='bbox 1807 3556 1841 3608; x_wconf 88' lang='lat' dir='ltr'><strong>ut</strong></span> 
     </span>
     <span class='ocr_line' id='line_1_38' title="bbox 135 3637 1840 3712; baseline -0.001 -13"><span class='ocrx_word' id='word_1_502' title='bbox 135 3639 314 3711; x_wconf 78' lang='lat' dir='ltr'><strong>Salomonis,</strong></span> <span class='ocrx_word' id='word_1_503' title='bbox 344 3640 458 3695; x_wconf 73' lang='lat' dir='ltr'><strong>Ferrum</strong></span> <span class='ocrx_word' id='word_1_504' title='bbox 494 3639 569 3710; x_wconf 75' lang='lat' dir='ltr'><strong>{erro</strong></span> <span class='ocrx_word' id='word_1_505' title='bbox 605 3638 729 3693; x_wconf 85' lang='lat' dir='ltr'><strong>acuitur·</strong></span> <span class='ocrx_word' id='word_1_506' title='bbox 748 3637 844 3708; x_wconf 80' lang='lat' dir='ltr'><strong>(Prov.</strong></span> <span class='ocrx_word' id='word_1_507' title='bbox 873 3653 961 3704; x_wconf 79' lang='lat' dir='ltr'><strong>xxvii,</strong></span> <span class='ocrx_word' id='word_1_508' title='bbox 1017 3639 1241 3712; x_wconf 83' lang='lat' dir='ltr'><strong>corrigerentur,</strong></span> <span class='ocrx_word' id='word_1_509' title='bbox 1258 3653 1294 3694; x_wconf 91' lang='lat' dir='ltr'><strong>ne</strong></span> <span class='ocrx_word' id='word_1_510' title='bbox 1309 3637 1516 3695; x_wconf 85' lang='lat' dir='ltr'><strong>lurteveuiens</strong></span> <span class='ocrx_word' id='word_1_511' title='bbox 1539 3638 1643 3696; x_wconf 91' lang='lat' dir='ltr'><strong>durius</strong></span> <span class='ocrx_word' id='word_1_512' title='bbox 1662 3643 1769 3712; x_wconf 86' lang='lat' dir='ltr'><strong>ageret,</strong></span> <span class='ocrx_word' id='word_1_513' title='bbox 1784 3640 1840 3698; x_wconf 90' lang='lat' dir='ltr'><strong>hoc</strong></span> 
     </span>
     <span class='ocr_line' id='line_1_39' title="bbox 138 3717 1839 3804; baseline 0 -17"><span class='ocrx_word' id='word_1_514' title='bbox 138 3717 195 3804; x_wconf 73' lang='lat' dir='ltr'><strong>li).</strong></span> <span class='ocrx_word' id='word_1_515' title='bbox 211 3734 268 3787; x_wconf 88' lang='lat' dir='ltr'><strong>etc.</strong></span> <span class='ocrx_word' id='word_1_516' title='bbox 283 3728 439 3801; x_wconf 78' lang='lat' dir='ltr'><strong>Sequitur:</strong></span> <span class='ocrx_word' id='word_1_517' title='bbox 457 3732 572 3782; x_wconf 74' lang='lat' dir='ltr'><strong>Aaron</strong></span> <span class='ocrx_word' id='word_1_518' title='bbox 587 3725 963 3799; x_wconf 72' lang='lat' dir='ltr'><strong>monombisquiacbristus</strong></span> <span class='ocrx_word' id='word_1_519' title='bbox 1017 3733 1071 3797; x_wconf 86' lang='lat' dir='ltr'><strong>ost,</strong></span> <span class='ocrx_word' id='word_1_520' title='bbox 1088 3728 1135 3785; x_wconf 89' lang='lat' dir='ltr'><strong>sui</strong></span> <span class='ocrx_word' id='word_1_521' title='bbox 1164 3727 1345 3799; x_wconf 85' lang='lat' dir='ltr'><strong>apostolatus</strong></span> <span class='ocrx_word' id='word_1_522' title='bbox 1373 3728 1546 3798; x_wconf 87' lang='lat' dir='ltr'><strong>potestatem</strong></span> <span class='ocrx_word' id='word_1_523' title='bbox 1577 3728 1715 3785; x_wconf 83' lang='lat' dir='ltr'><strong>severiter</strong></span> <span class='ocrx_word' id='word_1_524' title='bbox 1734 3728 1839 3788; x_wconf 89' lang='lat' dir='ltr'><strong>inillis</strong></span> 
     </span>
     <span class='ocr_line' id='line_1_40' title="bbox 139 3813 1841 3888; baseline -0.001 -11"><span class='ocrx_word' id='word_1_525' title='bbox 139 3823 172 3876; x_wconf 80' lang='lat' dir='ltr'><strong>io</strong></span> <span class='ocrx_word' id='word_1_526' title='bbox 188 3819 332 3876; x_wconf 78' lang='lat' dir='ltr'><strong>robisestt</strong></span> <span class='ocrx_word' id='word_1_527' title='bbox 346 3816 436 3884; x_wconf 83' lang='lat' dir='ltr'><strong>Quasi</strong></span> <span class='ocrx_word' id='word_1_528' title='bbox 447 3814 556 3872; x_wconf 88' lang='lat' dir='ltr'><strong>diceret</strong></span> <span class='ocrx_word' id='word_1_529' title='bbox 568 3831 576 3871; x_wconf 92' lang='lat'><strong>:</strong></span> <span class='ocrx_word' id='word_1_530' title='bbox 590 3815 822 3871; x_wconf 86' lang='lat' dir='ltr'><strong>sitentationum</strong></span> <span class='ocrx_word' id='word_1_531' title='bbox 835 3813 965 3885; x_wconf 89' lang='lat' dir='ltr'><strong>pericula</strong></span> <span class='ocrx_word' id='word_1_532' title='bbox 1018 3820 1173 3872; x_wconf 84' lang='lat' dir='ltr'><strong>exerceret.</strong></span> <span class='ocrx_word' id='word_1_533' title='bbox 1191 3814 1226 3870; x_wconf 82' lang='lat' dir='ltr'><strong>itt</strong></span> <span class='ocrx_word' id='word_1_534' title='bbox 1249 3815 1304 3871; x_wconf 91' lang='lat' dir='ltr'><strong>hoo</strong></span> <span class='ocrx_word' id='word_1_535' title='bbox 1322 3820 1378 3882; x_wconf 90' lang='lat' dir='ltr'><strong>est,</strong></span> <span class='ocrx_word' id='word_1_536' title='bbox 1405 3816 1482 3886; x_wconf 93' lang='lat' dir='ltr'><strong>quod</strong></span> <span class='ocrx_word' id='word_1_537' title='bbox 1512 3817 1660 3888; x_wconf 89' lang='lat' dir='ltr'><strong>sequitur:</strong></span> <span class='ocrx_word' id='word_1_538' title='bbox 1688 3817 1841 3877; x_wconf 77' lang='lat' dir='ltr'><strong>Semnum</strong></span> 
     </span>
     <span class='ocr_line' id='line_1_41' title="bbox 140 3901 1841 3979; baseline -0.001 -14"><span class='ocrx_word' id='word_1_539' title='bbox 140 3902 481 3974; x_wconf 67' lang='lat' dir='ltr'><strong>cumoculosresocetis,</strong></span> <span class='ocrx_word' id='word_1_540' title='bbox 491 3903 695 3975; x_wconf 81' lang='lat' dir='ltr'><strong>etoujusestis</strong></span> <span class='ocrx_word' id='word_1_541' title='bbox 705 3902 834 3960; x_wconf 86' lang='lat' dir='ltr'><strong>fideiseu</strong></span> <span class='ocrx_word' id='word_1_542' title='bbox 846 3901 964 3959; x_wconf 87' lang='lat' dir='ltr'><strong>virtutis</strong></span> <span class='ocrx_word' id='word_1_543' title='bbox 1017 3908 1187 3978; x_wconf 83' lang='lat' dir='ltr'><strong>potestatem,</strong></span> <span class='ocrx_word' id='word_1_544' title='bbox 1204 3919 1286 3975; x_wconf 87' lang='lat' dir='ltr'><strong>quam</strong></span> <span class='ocrx_word' id='word_1_545' title='bbox 1302 3904 1436 3959; x_wconf 76' lang='lat' dir='ltr'><strong>Dominae</strong></span> <span class='ocrx_word' id='word_1_546' title='bbox 1450 3903 1524 3960; x_wconf 83' lang='lat' dir='ltr'><strong>dedit</strong></span> <span class='ocrx_word' id='word_1_547' title='bbox 1537 3905 1609 3962; x_wconf 84' lang='lat' dir='ltr'><strong>mibi</strong></span> <span class='ocrx_word' id='word_1_548' title='bbox 1629 3908 1660 3961; x_wconf 83' lang='lat' dir='ltr'><strong>io</strong></span> <span class='ocrx_word' id='word_1_549' title='bbox 1673 3906 1841 3979; x_wconf 69' lang='lat' dir='ltr'><strong>edificatio-</strong></span> 
     </span>
     <span class='ocr_line' id='line_1_42' title="bbox 141 3990 1843 4070; baseline 0.001 -17"><span class='ocrx_word' id='word_1_550' title='bbox 141 3996 318 4070; x_wconf 85' lang='lat' dir='ltr'><strong>agnoeoetie,</strong></span> <span class='ocrx_word' id='word_1_551' title='bbox 336 3998 437 4051; x_wconf 86' lang='lat' dir='ltr'><strong>utrum</strong></span> <span class='ocrx_word' id='word_1_552' title='bbox 453 3992 587 4049; x_wconf 84' lang='lat' dir='ltr'><strong>Christus</strong></span> <span class='ocrx_word' id='word_1_553' title='bbox 599 3992 628 4047; x_wconf 93' lang='lat' dir='ltr'><strong>in</strong></span> <span class='ocrx_word' id='word_1_554' title='bbox 643 3992 725 4047; x_wconf 84' lang='lat' dir='ltr'><strong>robis</strong></span> <span class='ocrx_word' id='word_1_555' title='bbox 741 3991 790 4060; x_wconf 90' lang='lat' dir='ltr'><strong>sit,</strong></span> <span class='ocrx_word' id='word_1_556' title='bbox 803 4007 839 4047; x_wconf 90' lang='lat' dir='ltr'><strong>an</strong></span> <span class='ocrx_word' id='word_1_557' title='bbox 855 4005 925 4057; x_wconf 92' lang='lat' dir='ltr'><strong>non,</strong></span> <span class='ocrx_word' id='word_1_558' title='bbox 937 3995 967 4047; x_wconf 88' lang='lat' dir='ltr'><strong>et</strong></span> <span class='ocrx_word' id='word_1_559' title='bbox 1020 4009 1094 4062; x_wconf 82' lang='lat' dir='ltr'><strong>mem,</strong></span> <span class='ocrx_word' id='word_1_560' title='bbox 1111 4001 1137 4049; x_wconf 91' lang='lat' dir='ltr'><strong>et</strong></span> <span class='ocrx_word' id='word_1_561' title='bbox 1150 4007 1205 4048; x_wconf 84' lang='lat' dir='ltr'><strong>ooo</strong></span> <span class='ocrx_word' id='word_1_562' title='bbox 1219 3994 1250 4047; x_wconf 87' lang='lat' dir='ltr'><strong>in</strong></span> <span class='ocrx_word' id='word_1_563' title='bbox 1265 3990 1484 4047; x_wconf 81' lang='lat' dir='ltr'><strong>destructionem.</strong></span> <span class='ocrx_word' id='word_1_564' title='bbox 1501 3993 1572 4048; x_wconf 73' lang='lat' dir='ltr'><strong>lices</strong></span> <span class='ocrx_word' id='word_1_565' title='bbox 1595 3993 1667 4048; x_wconf 88' lang='lat' dir='ltr'><strong>dicit</strong></span> <span class='ocrx_word' id='word_1_566' title='bbox 1689 4011 1720 4051; x_wconf 85' lang='lat' dir='ltr'><strong>se</strong></span> <span class='ocrx_word' id='word_1_567' title='bbox 1735 3995 1843 4053; x_wconf 87' lang='lat' dir='ltr'><strong>habere</strong></span> 
     </span>
     <span class='ocr_line' id='line_1_43' title="bbox 142 4078 1876 4159; baseline 0 -18"><span class='ocrx_word' id='word_1_568' title='bbox 142 4100 301 4159; x_wconf 85' lang='lat' dir='ltr'><strong>agnoscere</strong></span> <span class='ocrx_word' id='word_1_569' title='bbox 315 4080 463 4156; x_wconf 73' lang='lat' dir='ltr'><strong>potestis?</strong></span> <span class='ocrx_word' id='word_1_570' title='bbox 477 4083 688 4137; x_wconf 86' lang='lat' dir='ltr'><strong>Verumtamen</strong></span> <span class='ocrx_word' id='word_1_571' title='bbox 709 4079 733 4136; x_wconf 92' lang='lat' dir='ltr'><strong>si</strong></span> <span class='ocrx_word' id='word_1_572' title='bbox 746 4079 801 4135; x_wconf 93' lang='lat' dir='ltr'><strong>hoo</strong></span> <span class='ocrx_word' id='word_1_573' title='bbox 818 4096 875 4136; x_wconf 94' lang='lat' dir='ltr'><strong>non</strong></span> <span class='ocrx_word' id='word_1_574' title='bbox 891 4079 965 4135; x_wconf 84' lang='lat' dir='ltr'><strong>iece-</strong></span> <span class='ocrx_word' id='word_1_575' title='bbox 1020 4085 1192 4156; x_wconf 88' lang='lat' dir='ltr'><strong>potestatem</strong></span> <span class='ocrx_word' id='word_1_576' title='bbox 1207 4083 1367 4152; x_wconf 88' lang='lat' dir='ltr'><strong>acceptam.</strong></span> <span class='ocrx_word' id='word_1_577' title='bbox 1383 4078 1419 4134; x_wconf 79' lang='lat' dir='ltr'><strong>et</strong></span> <span class='ocrx_word' id='word_1_578' title='bbox 1432 4079 1554 4152; x_wconf 88' lang='lat' dir='ltr'><strong>pulchre</strong></span> <span class='ocrx_word' id='word_1_579' title='bbox 1568 4080 1698 4154; x_wconf 86' lang='lat' dir='ltr'><strong>quidem,</strong></span> <span class='ocrx_word' id='word_1_580' title='bbox 1713 4082 1745 4139; x_wconf 82' lang='lat' dir='ltr'><strong>im</strong></span> <span class='ocrx_word' id='word_1_581' title='bbox 1755 4086 1842 4158; x_wconf 75' lang='lat' dir='ltr'><strong>adilt-</strong></span> <span class='ocrx_word' id='word_1_582' title='bbox 1871 4116 1876 4125; x_wconf 88' lang='lat'><strong>·</strong></span> 
     </span>
     <span class='ocr_line' id='line_1_44' title="bbox 143 4168 1843 4245; baseline -0.001 -15"><span class='ocrx_word' id='word_1_583' title='bbox 143 4174 219 4243; x_wconf 90' lang='lat' dir='ltr'><strong>ritis,</strong></span> <span class='ocrx_word' id='word_1_584' title='bbox 236 4190 294 4230; x_wconf 90' lang='lat' dir='ltr'><strong>non</strong></span> <span class='ocrx_word' id='word_1_585' title='bbox 310 4169 493 4245; x_wconf 85' lang='lat' dir='ltr'><strong>agnoscetis:</strong></span> <span class='ocrx_word' id='word_1_586' title='bbox 510 4170 588 4241; x_wconf 91' lang='lat' dir='ltr'><strong>quod</strong></span> <span class='ocrx_word' id='word_1_587' title='bbox 605 4174 648 4225; x_wconf 86' lang='lat' dir='ltr'><strong>est</strong></span> <span class='ocrx_word' id='word_1_588' title='bbox 669 4168 825 4242; x_wconf 89' lang='lat' dir='ltr'><strong>reprobum</strong></span> <span class='ocrx_word' id='word_1_589' title='bbox 841 4185 922 4236; x_wconf 72' lang='lat' dir='ltr'><strong>esse:</strong></span> <span class='ocrx_word' id='word_1_590' title='bbox 938 4172 967 4225; x_wconf 89' lang='lat' dir='ltr'><strong>et</strong></span> <span class='ocrx_word' id='word_1_591' title='bbox 1020 4173 1172 4236; x_wconf 80' lang='lat' dir='ltr'><strong>rationem,</strong></span> <span class='ocrx_word' id='word_1_592' title='bbox 1183 4169 1253 4240; x_wconf 90' lang='lat' dir='ltr'><strong>quia</strong></span> <span class='ocrx_word' id='word_1_593' title='bbox 1268 4168 1471 4244; x_wconf 74' lang='lat' dir='ltr'><strong>predicatores</strong></span> <span class='ocrx_word' id='word_1_594' title='bbox 1479 4170 1515 4223; x_wconf 89' lang='lat' dir='ltr'><strong>ad</strong></span> <span class='ocrx_word' id='word_1_595' title='bbox 1526 4168 1580 4225; x_wconf 89' lang='lat' dir='ltr'><strong>hoc</strong></span> <span class='ocrx_word' id='word_1_596' title='bbox 1588 4176 1762 4242; x_wconf 88' lang='lat' dir='ltr'><strong>potestatem</strong></span> <span class='ocrx_word' id='word_1_597' title='bbox 1770 4175 1843 4230; x_wconf 87' lang='lat' dir='ltr'><strong>acci-</strong></span> 
     </span>
     <span class='ocr_line' id='line_1_45' title="bbox 143 4256 1840 4334; baseline 0 -15"><span class='ocrx_word' id='word_1_598' title='bbox 143 4263 209 4319; x_wconf 90' lang='lat' dir='ltr'><strong>ideo</strong></span> <span class='ocrx_word' id='word_1_599' title='bbox 224 4262 312 4319; x_wconf 88' lang='lat' dir='ltr'><strong>dicit:</strong></span> <span class='ocrx_word' id='word_1_600' title='bbox 329 4262 390 4317; x_wconf 85' lang='lat' dir='ltr'><strong>Nisi</strong></span> <span class='ocrx_word' id='word_1_601' title='bbox 403 4262 474 4331; x_wconf 71' lang='lat' dir='ltr'><strong>sorte</strong></span> <span class='ocrx_word' id='word_1_602' title='bbox 487 4259 599 4330; x_wconf 81' lang='lat' dir='ltr'><strong>reprobi</strong></span> <span class='ocrx_word' id='word_1_603' title='bbox 611 4260 687 4314; x_wconf 83' lang='lat' dir='ltr'><strong>estis.</strong></span> <span class='ocrx_word' id='word_1_604' title='bbox 1022 4260 1117 4332; x_wconf 82' lang='lat' dir='ltr'><strong>piunt,</strong></span> <span class='ocrx_word' id='word_1_605' title='bbox 1129 4261 1162 4314; x_wconf 89' lang='lat' dir='ltr'><strong>ut</strong></span> <span class='ocrx_word' id='word_1_606' title='bbox 1172 4256 1342 4330; x_wconf 89' lang='lat' dir='ltr'><strong>corrigendo</strong></span> <span class='ocrx_word' id='word_1_607' title='bbox 1354 4257 1475 4325; x_wconf 88' lang='lat' dir='ltr'><strong>salvent,</strong></span> <span class='ocrx_word' id='word_1_608' title='bbox 1488 4274 1544 4313; x_wconf 92' lang='lat' dir='ltr'><strong>non</strong></span> <span class='ocrx_word' id='word_1_609' title='bbox 1556 4260 1655 4315; x_wconf 93' lang='lat' dir='ltr'><strong>utnon</strong></span> <span class='ocrx_word' id='word_1_610' title='bbox 1669 4261 1840 4334; x_wconf 87' lang='lat' dir='ltr'><strong>corrigendo</strong></span> 
     </span>
     <span class='ocr_line' id='line_1_46' title="bbox 178 4345 1155 4427; baseline -0.005 -20"><span class='ocrx_word' id='word_1_611' title='bbox 178 4352 337 4427; x_wconf 78' lang='lat' dir='ltr'><strong>Sequitur:</strong></span> <span class='ocrx_word' id='word_1_612' title='bbox 353 4349 436 4422; x_wconf 87' lang='lat' dir='ltr'><strong>Spero</strong></span> <span class='ocrx_word' id='word_1_613' title='bbox 449 4351 544 4423; x_wconf 84' lang='lat' dir='ltr'><strong>autem</strong></span> <span class='ocrx_word' id='word_1_614' title='bbox 562 4347 633 4419; x_wconf 83' lang='lat' dir='ltr'><strong>quob</strong></span> <span class='ocrx_word' id='word_1_615' title='bbox 654 4349 832 4418; x_wconf 72' lang='lat' dir='ltr'><strong>cognoscetis,</strong></span> <span class='ocrx_word' id='word_1_616' title='bbox 845 4352 900 4403; x_wconf 89' lang='lat' dir='ltr'><strong>etc.</strong></span> <span class='ocrx_word' id='word_1_617' title='bbox 918 4345 968 4401; x_wconf 90' lang='lat' dir='ltr'><strong>llis</strong></span> <span class='ocrx_word' id='word_1_618' title='bbox 1022 4349 1155 4421; x_wconf 91' lang='lat' dir='ltr'><strong>perdant.</strong></span> 
     </span>
     <span class='ocr_line' id='line_1_47' title="bbox 142 4435 1846 4512; baseline 0.001 -18"><span class='ocrx_word' id='word_1_619' title='bbox 142 4438 241 4496; x_wconf 78' lang='lat' dir='ltr'><strong>serbis</strong></span> <span class='ocrx_word' id='word_1_620' title='bbox 256 4442 392 4511; x_wconf 89' lang='lat' dir='ltr'><strong>provocat</strong></span> <span class='ocrx_word' id='word_1_621' title='bbox 407 4452 456 4493; x_wconf 88' lang='lat' dir='ltr'><strong>eos</strong></span> <span class='ocrx_word' id='word_1_622' title='bbox 470 4436 506 4491; x_wconf 89' lang='lat' dir='ltr'><strong>ad</strong></span> <span class='ocrx_word' id='word_1_623' title='bbox 523 4435 589 4492; x_wconf 91' lang='lat' dir='ltr'><strong>lldei</strong></span> <span class='ocrx_word' id='word_1_624' title='bbox 605 4439 634 4492; x_wconf 89' lang='lat' dir='ltr'><strong>et</strong></span> <span class='ocrx_word' id='word_1_625' title='bbox 650 4438 757 4491; x_wconf 80' lang='lat' dir='ltr'><strong>sancta</strong></span> <span class='ocrx_word' id='word_1_626' title='bbox 772 4435 967 4491; x_wconf 88' lang='lat' dir='ltr'><strong>conversatio·</strong></span> <span class='ocrx_word' id='word_1_627' title='bbox 1059 4437 1154 4493; x_wconf 86' lang='lat' dir='ltr'><strong>Finita</strong></span> <span class='ocrx_word' id='word_1_628' title='bbox 1166 4436 1418 4492; x_wconf 89' lang='lat' dir='ltr'><strong>commendatione</strong></span> <span class='ocrx_word' id='word_1_629' title='bbox 1429 4453 1487 4492; x_wconf 86' lang='lat' dir='ltr'><strong>suso</strong></span> <span class='ocrx_word' id='word_1_630' title='bbox 1498 4453 1639 4508; x_wconf 77' lang='lat' dir='ltr'><strong>persona,</strong></span> <span class='ocrx_word' id='word_1_631' title='bbox 1652 4454 1741 4510; x_wconf 89' lang='lat' dir='ltr'><strong>quam</strong></span> <span class='ocrx_word' id='word_1_632' title='bbox 1753 4454 1846 4512; x_wconf 85' lang='lat' dir='ltr'><strong>ooepe·</strong></span> 
     </span>
     <span class='ocr_line' id='line_1_48' title="bbox 143 4523 1846 4603; baseline -0.001 -18"><span class='ocrx_word' id='word_1_633' title='bbox 143 4528 190 4585; x_wconf 88' lang='lat' dir='ltr'><strong>nis</strong></span> <span class='ocrx_word' id='word_1_634' title='bbox 220 4526 417 4584; x_wconf 85' lang='lat' dir='ltr'><strong>soliditatem:</strong></span> <span class='ocrx_word' id='word_1_635' title='bbox 447 4525 530 4598; x_wconf 89' lang='lat' dir='ltr'><strong>quasi</strong></span> <span class='ocrx_word' id='word_1_636' title='bbox 559 4524 697 4580; x_wconf 86' lang='lat' dir='ltr'><strong>dixisset:</strong></span> <span class='ocrx_word' id='word_1_637' title='bbox 733 4525 763 4580; x_wconf 90' lang='lat' dir='ltr'><strong>Si</strong></span> <span class='ocrx_word' id='word_1_638' title='bbox 792 4523 1774 4603; x_wconf 77' lang='lat' dir='ltr'><strong>agnoveriti1)ratcommendareabeolocoubilrnemlecaratde</strong></span> <span class='ocrx_word' id='word_1_639' title='bbox 1789 4528 1846 4585; x_wconf 88' lang='lat' dir='ltr'><strong>ool·</strong></span> 
     </span>
     <span class='ocr_line' id='line_1_49' title="bbox 143 4604 1845 4692; baseline 0 -18"><span class='ocrx_word' id='word_1_640' title='bbox 143 4604 969 4692; x_wconf 82' lang='lat' dir='ltr'><strong>quemadmodumdixiChristumvobisinesse,agnoe&#39;ce&#39;·</strong></span> <span class='ocrx_word' id='word_1_641' title='bbox 1025 4613 1845 4687; x_wconf 81' lang='lat' dir='ltr'><strong>leolis,inquocommendntioueplurimumlaboraverat,</strong></span> 
     </span>
     <span class='ocr_line' id='line_1_50' title="bbox 142 4700 1846 4777; baseline 0.001 -16"><span class='ocrx_word' id='word_1_642' title='bbox 142 4707 182 4763; x_wconf 91' lang='lat' dir='ltr'><strong>tis</strong></span> <span class='ocrx_word' id='word_1_643' title='bbox 192 4707 283 4763; x_wconf 88' lang='lat' dir='ltr'><strong>etiam</strong></span> <span class='ocrx_word' id='word_1_644' title='bbox 297 4705 366 4777; x_wconf 91' lang='lat' dir='ltr'><strong>quia</strong></span> <span class='ocrx_word' id='word_1_645' title='bbox 375 4712 402 4759; x_wconf 89' lang='lat' dir='ltr'><strong>et</strong></span> <span class='ocrx_word' id='word_1_646' title='bbox 411 4719 462 4760; x_wconf 83' lang='lat' dir='ltr'><strong>mos</strong></span> <span class='ocrx_word' id='word_1_647' title='bbox 472 4718 529 4758; x_wconf 83' lang='lat' dir='ltr'><strong>ooo</strong></span> <span class='ocrx_word' id='word_1_648' title='bbox 538 4718 633 4758; x_wconf 81' lang='lat' dir='ltr'><strong>sumas</strong></span> <span class='ocrx_word' id='word_1_649' title='bbox 643 4703 765 4773; x_wconf 85' lang='lat' dir='ltr'><strong>reprobi,</strong></span> <span class='ocrx_word' id='word_1_650' title='bbox 776 4702 831 4759; x_wconf 92' lang='lat' dir='ltr'><strong>hoc</strong></span> <span class='ocrx_word' id='word_1_651' title='bbox 842 4708 897 4770; x_wconf 89' lang='lat' dir='ltr'><strong>est,</strong></span> <span class='ocrx_word' id='word_1_652' title='bbox 915 4703 971 4759; x_wconf 93' lang='lat' dir='ltr'><strong>du·</strong></span> <span class='ocrx_word' id='word_1_653' title='bbox 1025 4700 1141 4761; x_wconf 88' lang='lat' dir='ltr'><strong>duabus</strong></span> <span class='ocrx_word' id='word_1_654' title='bbox 1152 4720 1204 4776; x_wconf 92' lang='lat' dir='ltr'><strong>pro</strong></span> <span class='ocrx_word' id='word_1_655' title='bbox 1216 4702 1324 4770; x_wconf 86' lang='lat' dir='ltr'><strong>causis,</strong></span> <span class='ocrx_word' id='word_1_656' title='bbox 1337 4702 1392 4757; x_wconf 90' lang='lat' dir='ltr'><strong>hoc</strong></span> <span class='ocrx_word' id='word_1_657' title='bbox 1406 4706 1462 4769; x_wconf 86' lang='lat' dir='ltr'><strong>est,</strong></span> <span class='ocrx_word' id='word_1_658' title='bbox 1478 4707 1511 4758; x_wconf 90' lang='lat' dir='ltr'><strong>ut</strong></span> <span class='ocrx_word' id='word_1_659' title='bbox 1525 4702 1568 4759; x_wconf 90' lang='lat' dir='ltr'><strong>vel</strong></span> <span class='ocrx_word' id='word_1_660' title='bbox 1585 4721 1641 4760; x_wconf 92' lang='lat' dir='ltr'><strong>non</strong></span> <span class='ocrx_word' id='word_1_661' title='bbox 1658 4705 1780 4763; x_wconf 88' lang='lat' dir='ltr'><strong>minoris</strong></span> <span class='ocrx_word' id='word_1_662' title='bbox 1794 4723 1846 4762; x_wconf 89' lang='lat' dir='ltr'><strong>eu·</strong></span> 
     </span>
     <span class='ocr_line' id='line_1_51' title="bbox 144 4790 1848 4867; baseline 0.001 -17"><span class='ocrx_word' id='word_1_663' title='bbox 144 4794 231 4867; x_wconf 88' lang='lat' dir='ltr'><strong>plicis</strong></span> <span class='ocrx_word' id='word_1_664' title='bbox 252 4793 435 4849; x_wconf 88' lang='lat' dir='ltr'><strong>intentionis.</strong></span> <span class='ocrx_word' id='word_1_665' title='bbox 462 4795 528 4860; x_wconf 79' lang='lat' dir='ltr'><strong>Qua</strong></span> <span class='ocrx_word' id='word_1_666' title='bbox 557 4791 704 4848; x_wconf 89' lang='lat' dir='ltr'><strong>sententia</strong></span> <span class='ocrx_word' id='word_1_667' title='bbox 718 4793 754 4848; x_wconf 93' lang='lat' dir='ltr'><strong>ad</strong></span> <span class='ocrx_word' id='word_1_668' title='bbox 771 4794 825 4849; x_wconf 91' lang='lat' dir='ltr'><strong>hoc</strong></span> <span class='ocrx_word' id='word_1_669' title='bbox 841 4792 970 4867; x_wconf 88' lang='lat' dir='ltr'><strong>respicit,</strong></span> <span class='ocrx_word' id='word_1_670' title='bbox 1026 4793 1268 4864; x_wconf 88' lang='lat' dir='ltr'><strong>ctoritatisquam</strong></span> <span class='ocrx_word' id='word_1_671' title='bbox 1285 4790 1379 4846; x_wconf 79' lang='lat' dir='ltr'><strong>caleri</strong></span> <span class='ocrx_word' id='word_1_672' title='bbox 1394 4808 1425 4847; x_wconf 89' lang='lat' dir='ltr'><strong>se</strong></span> <span class='ocrx_word' id='word_1_673' title='bbox 1440 4807 1504 4848; x_wconf 88' lang='lat' dir='ltr'><strong>esee</strong></span> <span class='ocrx_word' id='word_1_674' title='bbox 1519 4798 1705 4860; x_wconf 81' lang='lat' dir='ltr'><strong>monstraret,</strong></span> <span class='ocrx_word' id='word_1_675' title='bbox 1716 4796 1760 4852; x_wconf 88' lang='lat' dir='ltr'><strong>vel</strong></span> <span class='ocrx_word' id='word_1_676' title='bbox 1771 4800 1848 4852; x_wconf 88' lang='lat' dir='ltr'><strong>certe</strong></span> 
     </span>
     <span class='ocr_line' id='line_1_52' title="bbox 145 4878 1847 4956; baseline -0.001 -17"><span class='ocrx_word' id='word_1_677' title='bbox 145 4883 225 4956; x_wconf 90' lang='lat' dir='ltr'><strong>quod</strong></span> <span class='ocrx_word' id='word_1_678' title='bbox 242 4880 378 4953; x_wconf 88' lang='lat' dir='ltr'><strong>superius</strong></span> <span class='ocrx_word' id='word_1_679' title='bbox 393 4880 444 4948; x_wconf 86' lang='lat' dir='ltr'><strong>ait,</strong></span> <span class='ocrx_word' id='word_1_680' title='bbox 461 4878 529 4935; x_wconf 88' lang='lat' dir='ltr'><strong>otim</strong></span> <span class='ocrx_word' id='word_1_681' title='bbox 541 4879 659 4950; x_wconf 82' lang='lat' dir='ltr'><strong>putatia,</strong></span> <span class='ocrx_word' id='word_1_682' title='bbox 674 4886 729 4936; x_wconf 89' lang='lat' dir='ltr'><strong>etc.</strong></span> <span class='ocrx_word' id='word_1_683' title='bbox 1027 4886 1062 4938; x_wconf 91' lang='lat' dir='ltr'><strong>ut</strong></span> <span class='ocrx_word' id='word_1_684' title='bbox 1071 4882 1182 4939; x_wconf 87' lang='lat' dir='ltr'><strong>crimen</strong></span> <span class='ocrx_word' id='word_1_685' title='bbox 1197 4879 1366 4953; x_wconf 84' lang='lat' dir='ltr'><strong>cupiditatis</strong></span> <span class='ocrx_word' id='word_1_686' title='bbox 1385 4880 1421 4936; x_wconf 92' lang='lat' dir='ltr'><strong>ub</strong></span> <span class='ocrx_word' id='word_1_687' title='bbox 1434 4894 1465 4936; x_wconf 89' lang='lat' dir='ltr'><strong>se</strong></span> <span class='ocrx_word' id='word_1_688' title='bbox 1482 4880 1671 4955; x_wconf 84' lang='lat' dir='ltr'><strong>abstergeret,</strong></span> <span class='ocrx_word' id='word_1_689' title='bbox 1687 4900 1765 4939; x_wconf 91' lang='lat' dir='ltr'><strong>nuno</strong></span> <span class='ocrx_word' id='word_1_690' title='bbox 1779 4898 1847 4939; x_wconf 88' lang='lat' dir='ltr'><strong>vero</strong></span> 
     </span>
     <span class='ocr_line' id='line_1_53' title="bbox 180 4968 1848 5043; baseline -0.001 -17"><span class='ocrx_word' id='word_1_691' title='bbox 180 4971 345 5043; x_wconf 88' lang='lat' dir='ltr'><strong>Sequitur:</strong></span> <span class='ocrx_word' id='word_1_692' title='bbox 361 4970 478 5026; x_wconf 84' lang='lat' dir='ltr'><strong>Oramus</strong></span> <span class='ocrx_word' id='word_1_693' title='bbox 492 4976 584 5024; x_wconf 88' lang='lat' dir='ltr'><strong>uatem</strong></span> <span class='ocrx_word' id='word_1_694' title='bbox 604 4972 706 5036; x_wconf 86' lang='lat' dir='ltr'><strong>Deum,</strong></span> <span class='ocrx_word' id='word_1_695' title='bbox 721 4973 776 5024; x_wconf 90' lang='lat' dir='ltr'><strong>etc.</strong></span> <span class='ocrx_word' id='word_1_696' title='bbox 792 4968 870 5024; x_wconf 89' lang='lat' dir='ltr'><strong>More</strong></span> <span class='ocrx_word' id='word_1_697' title='bbox 885 4969 972 5029; x_wconf 88' lang='lat' dir='ltr'><strong>solito</strong></span> <span class='ocrx_word' id='word_1_698' title='bbox 1029 4970 1108 5027; x_wconf 88' lang='lat' dir='ltr'><strong>aliud</strong></span> <span class='ocrx_word' id='word_1_699' title='bbox 1124 4970 1293 5042; x_wconf 87' lang='lat' dir='ltr'><strong>aggreditur</strong></span> <span class='ocrx_word' id='word_1_700' title='bbox 1307 4969 1362 5025; x_wconf 92' lang='lat' dir='ltr'><strong>hoc</strong></span> <span class='ocrx_word' id='word_1_701' title='bbox 1376 4972 1430 5038; x_wconf 89' lang='lat' dir='ltr'><strong>est,</strong></span> <span class='ocrx_word' id='word_1_702' title='bbox 1447 4970 1599 5043; x_wconf 85' lang='lat' dir='ltr'><strong>subjunxit</strong></span> <span class='ocrx_word' id='word_1_703' title='bbox 1619 4973 1848 5029; x_wconf 86' lang='lat' dir='ltr'><strong>exhortationem</strong></span> 
     </span>
     <span class='ocr_line' id='line_1_54' title="bbox 145 5056 1407 5133; baseline -0.003 -16"><span class='ocrx_word' id='word_1_704' title='bbox 145 5058 304 5133; x_wconf 81' lang='lat' dir='ltr'><strong>Apostolus</strong></span> <span class='ocrx_word' id='word_1_705' title='bbox 319 5063 384 5115; x_wconf 88' lang='lat' dir='ltr'><strong>orat</strong></span> <span class='ocrx_word' id='word_1_706' title='bbox 398 5074 450 5130; x_wconf 92' lang='lat' dir='ltr'><strong>pro</strong></span> <span class='ocrx_word' id='word_1_707' title='bbox 465 5056 538 5123; x_wconf 91' lang='lat' dir='ltr'><strong>suis,</strong></span> <span class='ocrx_word' id='word_1_708' title='bbox 556 5062 589 5113; x_wconf 91' lang='lat' dir='ltr'><strong>ut</strong></span> <span class='ocrx_word' id='word_1_709' title='bbox 603 5056 677 5113; x_wconf 90' lang='lat' dir='ltr'><strong>nihil</strong></span> <span class='ocrx_word' id='word_1_710' title='bbox 702 5056 771 5112; x_wconf 89' lang='lat' dir='ltr'><strong>mali</strong></span> <span class='ocrx_word' id='word_1_711' title='bbox 787 5056 906 5113; x_wconf 82' lang='lat' dir='ltr'><strong>iaciant.</strong></span> <span class='ocrx_word' id='word_1_712' title='bbox 923 5057 974 5115; x_wconf 85' lang='lat' dir='ltr'><strong>Se·</strong></span> <span class='ocrx_word' id='word_1_713' title='bbox 1030 5060 1139 5132; x_wconf 85' lang='lat' dir='ltr'><strong>pariter</strong></span> <span class='ocrx_word' id='word_1_714' title='bbox 1154 5062 1183 5115; x_wconf 90' lang='lat' dir='ltr'><strong>et</strong></span> <span class='ocrx_word' id='word_1_715' title='bbox 1197 5058 1407 5114; x_wconf 88' lang='lat' dir='ltr'><strong>narrationem.</strong></span> 
     </span>
    </p>
   </div>
   <div class='ocr_carea' id='block_1_3' title="bbox 147 5254 1857 5698">
    <p class='ocr_par' dir='ltr' id='par_1_3' title="bbox 147 5254 1857 5698">
     <span class='ocr_line' id='line_1_55' title="bbox 183 5254 1550 5342; baseline 0 -30"><span class='ocrx_word' id='word_1_716' title='bbox 183 5257 377 5342; x_wconf 83' lang='grc' dir='ltr'>(799)Α6763.</span> <span class='ocrx_word' id='word_1_717' title='bbox 386 5255 556 5313; x_wconf 84' lang='lat' dir='ltr'><strong>etiamrtobis</strong></span> <span class='ocrx_word' id='word_1_718' title='bbox 565 5255 698 5328; x_wconf 85' lang='lat' dir='ltr'><strong>potuerit,</strong></span> <span class='ocrx_word' id='word_1_719' title='bbox 708 5271 797 5328; x_wconf 83' lang='lat' dir='ltr'><strong>quam</strong></span> <span class='ocrx_word' id='word_1_720' title='bbox 807 5254 975 5326; x_wconf 87' lang='lat' dir='ltr'><strong>lectionem,</strong></span> <span class='ocrx_word' id='word_1_721' title='bbox 1068 5257 1131 5328; x_wconf 92' lang='grc'>(795</span> <span class='ocrx_word' id='word_1_722' title='bbox 1156 5255 1239 5313; x_wconf 84' lang='lat' dir='ltr'><strong>Forte</strong></span> <span class='ocrx_word' id='word_1_723' title='bbox 1262 5256 1420 5330; x_wconf 85' lang='lat' dir='ltr'><strong>legendum</strong></span> <span class='ocrx_word' id='word_1_724' title='bbox 1435 5259 1550 5329; x_wconf 77' lang='lat' dir='ltr'><strong>integre.</strong></span> 
     </span>
     <span class='ocr_line' id='line_1_56' title="bbox 148 5325 1692 5408; baseline -0.004 -22"><span class='ocrx_word' id='word_1_725' title='bbox 148 5334 194 5386; x_wconf 84' lang='lat' dir='ltr'><strong>nti</strong></span> <span class='ocrx_word' id='word_1_726' title='bbox 209 5342 313 5398; x_wconf 85' lang='lat' dir='ltr'><strong>sensu,</strong></span> <span class='ocrx_word' id='word_1_727' title='bbox 328 5344 395 5384; x_wconf 87' lang='lat' dir='ltr'><strong>meo</strong></span> <span class='ocrx_word' id='word_1_728' title='bbox 405 5327 529 5399; x_wconf 90' lang='lat' dir='ltr'><strong>judicio,</strong></span> <span class='ocrx_word' id='word_1_729' title='bbox 552 5331 712 5408; x_wconf 71' lang='lat' dir='ltr'><strong>carentem,</strong></span> <span class='ocrx_word' id='word_1_730' title='bbox 727 5343 761 5383; x_wconf 81' lang='lat' dir='ltr'><strong>ex</strong></span> <span class='ocrx_word' id='word_1_731' title='bbox 774 5325 829 5383; x_wconf 92' lang='lat' dir='ltr'><strong>Vul</strong></span> <span class='ocrx_word' id='word_1_732' title='bbox 853 5370 860 5383; x_wconf 94' lang='lat'><strong>.</strong></span> <span class='ocrx_word' id='word_1_733' title='bbox 876 5343 976 5386; x_wconf 89' lang='lat' dir='ltr'><strong>eruen-</strong></span> <span class='ocrx_word' id='word_1_734' title='bbox 1067 5328 1131 5394; x_wconf 83' lang='grc'>(796</span> <span class='ocrx_word' id='word_1_735' title='bbox 1156 5328 1242 5400; x_wconf 86' lang='lat' dir='ltr'><strong>Vulg.</strong></span> <span class='ocrx_word' id='word_1_736' title='bbox 1257 5345 1306 5385; x_wconf 81' lang='lat' dir='ltr'><strong>rios</strong></span> <span class='ocrx_word' id='word_1_737' title='bbox 1321 5333 1414 5385; x_wconf 75' lang='lat' dir='ltr'><strong>numm</strong></span> <span class='ocrx_word' id='word_1_738' title='bbox 1428 5333 1458 5385; x_wconf 89' lang='lat' dir='ltr'><strong>at</strong></span> <span class='ocrx_word' id='word_1_739' title='bbox 1474 5326 1582 5398; x_wconf 86' lang='lat' dir='ltr'><strong>reprobi</strong></span> <span class='ocrx_word' id='word_1_740' title='bbox 1594 5328 1692 5381; x_wconf 80' lang='lat' dir='ltr'><strong>simus.</strong></span> 
     </span>
     <span class='ocr_line' id='line_1_57' title="bbox 147 5397 1398 5472; baseline -0.001 -15"><span class='ocrx_word' id='word_1_741' title='bbox 147 5400 281 5457; x_wconf 82' lang='lat' dir='ltr'><strong>dandam</strong></span> <span class='ocrx_word' id='word_1_742' title='bbox 293 5397 394 5456; x_wconf 86' lang='lat' dir='ltr'><strong>censui</strong></span> <span class='ocrx_word' id='word_1_743' title='bbox 408 5416 415 5466; x_wconf 88' lang='lat'>;</span> <span class='ocrx_word' id='word_1_744' title='bbox 427 5404 459 5454; x_wconf 89' lang='grc'><strong>67</strong></span> <span class='ocrx_word' id='word_1_745' title='bbox 468 5415 574 5455; x_wconf 89' lang='lat' dir='ltr'><strong>sensus</strong></span> <span class='ocrx_word' id='word_1_746' title='bbox 587 5414 693 5471; x_wconf 88' lang='lat' dir='ltr'><strong>nempe</strong></span> <span class='ocrx_word' id='word_1_747' title='bbox 705 5414 729 5454; x_wconf 81' lang='lat' dir='ltr'><strong>rs</strong></span> <span class='ocrx_word' id='word_1_748' title='bbox 748 5398 807 5454; x_wconf 89' lang='lat' dir='ltr'><strong>sit:</strong></span> <span class='ocrx_word' id='word_1_749' title='bbox 843 5401 875 5457; x_wconf 79' lang='lat' dir='ltr'><strong>ui</strong></span> <span class='ocrx_word' id='word_1_750' title='bbox 891 5401 919 5454; x_wconf 84' lang='lat' dir='ltr'><strong>in</strong></span> <span class='ocrx_word' id='word_1_751' title='bbox 931 5414 976 5455; x_wconf 92' lang='lat' dir='ltr'><strong>uo·</strong></span> <span class='ocrx_word' id='word_1_752' title='bbox 1078 5398 1131 5454; x_wconf 83' lang='grc'>797</span> <span class='ocrx_word' id='word_1_753' title='bbox 1156 5398 1242 5472; x_wconf 77' lang='grc'>9613.</span> <span class='ocrx_word' id='word_1_754' title='bbox 1258 5402 1398 5472; x_wconf 85' lang='lat' dir='ltr'><strong>quoniam.</strong></span> 
     </span>
     <span class='ocr_line' id='line_1_58' title="bbox 147 5466 1855 5547; baseline -0.005 -18"><span class='ocrx_word' id='word_1_755' title='bbox 147 5470 194 5529; x_wconf 81' lang='lat' dir='ltr'><strong>bis</strong></span> <span class='ocrx_word' id='word_1_756' title='bbox 208 5468 266 5528; x_wconf 75' lang='lat' dir='ltr'><strong>nort</strong></span> <span class='ocrx_word' id='word_1_757' title='bbox 281 5466 456 5542; x_wconf 59' lang='lat' dir='ltr'><strong>infimatum</strong></span> <span class='ocrx_word' id='word_1_758' title='bbox 471 5469 518 5525; x_wconf 81' lang='lat' dir='ltr'><strong>sed</strong></span> <span class='ocrx_word' id='word_1_759' title='bbox 530 5472 625 5541; x_wconf 78' lang='lat' dir='ltr'><strong>poteris</strong></span> <span class='ocrx_word' id='word_1_760' title='bbox 650 5473 689 5526; x_wconf 75' lang='lat' dir='ltr'><strong>est</strong></span> <span class='ocrx_word' id='word_1_761' title='bbox 704 5469 977 5538; x_wconf 59' lang='lat' dir='ltr'><strong>machinatione</strong></span> <span class='ocrx_word' id='word_1_762' title='bbox 1079 5469 1132 5524; x_wconf 90' lang='grc'><strong>798</strong></span> <span class='ocrx_word' id='word_1_763' title='bbox 1158 5469 1188 5527; x_wconf 82' lang='grc'><strong>16</strong></span> <span class='ocrx_word' id='word_1_764' title='bbox 1204 5475 1259 5537; x_wconf 88' lang='lat' dir='ltr'><strong>est,</strong></span> <span class='ocrx_word' id='word_1_765' title='bbox 1275 5475 1406 5541; x_wconf 81' lang='lat' dir='ltr'><strong>potentes,</strong></span> <span class='ocrx_word' id='word_1_766' title='bbox 1422 5467 1466 5524; x_wconf 84' lang='lat' dir='ltr'><strong>vel</strong></span> <span class='ocrx_word' id='word_1_767' title='bbox 1481 5468 1598 5539; x_wconf 82' lang='lat' dir='ltr'><strong>infirmi,</strong></span> <span class='ocrx_word' id='word_1_768' title='bbox 1615 5473 1648 5523; x_wconf 91' lang='lat' dir='ltr'><strong>ut</strong></span> <span class='ocrx_word' id='word_1_769' title='bbox 1663 5484 1753 5545; x_wconf 84' lang='lat' dir='ltr'><strong>supra</strong></span> <span class='ocrx_word' id='word_1_770' title='bbox 1767 5470 1855 5547; x_wconf 77' lang='lat' dir='ltr'><strong>expo.</strong></span> 
     </span>
     <span class='ocr_line' id='line_1_59' title="bbox 149 5537 1857 5627; baseline 0.001 -27"><span class='ocrx_word' id='word_1_771' title='bbox 149 5540 194 5601; x_wconf 77' lang='lat' dir='ltr'><strong>bis</strong></span> <span class='ocrx_word' id='word_1_772' title='bbox 228 5545 304 5599; x_wconf 74' lang='lat' dir='ltr'><strong>mmo</strong></span> <span class='ocrx_word' id='word_1_773' title='bbox 317 5544 381 5598; x_wconf 84' lang='lat' dir='ltr'><strong>erit.</strong></span> <span class='ocrx_word' id='word_1_774' title='bbox 1035 5545 1105 5604; x_wconf 80' lang='lat' dir='ltr'><strong>suut,</strong></span> <span class='ocrx_word' id='word_1_775' title='bbox 1116 5541 1201 5613; x_wconf 74' lang='lat' dir='ltr'><strong>iuxta</strong></span> <span class='ocrx_word' id='word_1_776' title='bbox 1221 5544 1480 5616; x_wconf 78' lang='lat' dir='ltr'><strong>opportunitatem:</strong></span> <span class='ocrx_word' id='word_1_777' title='bbox 1507 5537 1552 5597; x_wconf 76' lang='lat' dir='ltr'><strong>vel</strong></span> <span class='ocrx_word' id='word_1_778' title='bbox 1581 5539 1749 5627; x_wconf 82' lang='lat' dir='ltr'><strong>legendum,</strong></span> <span class='ocrx_word' id='word_1_779' title='bbox 1765 5548 1796 5605; x_wconf 85' lang='grc'><strong>67</strong></span> <span class='ocrx_word' id='word_1_780' title='bbox 1809 5546 1857 5609; x_wconf 78' lang='lat' dir='ltr'><strong>oba</strong></span> 
     </span>
     <span class='ocr_line' id='line_1_60' title="bbox 215 5609 1120 5698; baseline -0.001 -25"><span class='ocrx_word' id='word_1_781' title='bbox 215 5613 383 5689; x_wconf 64' lang='lat' dir='ltr'><strong>§illicere</strong></span> <span class='ocrx_word' id='word_1_782' title='bbox 396 5611 426 5671; x_wconf 93' lang='lat' dir='ltr'><strong>iu</strong></span> <span class='ocrx_word' id='word_1_783' title='bbox 441 5609 531 5691; x_wconf 77' lang='grc'>9673.</span> <span class='ocrx_word' id='word_1_784' title='bbox 547 5625 605 5669; x_wconf 90' lang='lat' dir='ltr'><strong>non</strong></span> <span class='ocrx_word' id='word_1_785' title='bbox 621 5610 741 5698; x_wconf 84' lang='lat' dir='ltr'><strong>legitur.</strong></span> <span class='ocrx_word' id='word_1_786' title='bbox 1032 5613 1120 5696; x_wconf 69' lang='lat' dir='ltr'><strong>troo.</strong></span> 
     </span>
    </p>
   </div>
   <div class='ocr_carea' id='block_1_4' title="bbox 314 5737 1698 5825">
    <p class='ocr_par' dir='ltr' id='par_1_4' title="bbox 314 5737 1698 5825">
     <span class='ocr_line' id='line_1_61' title="bbox 314 5737 1698 5825; baseline -0.003 -11"><span class='ocrx_word' id='word_1_787' title='bbox 314 5740 447 5815; x_wconf 76' lang='lat' dir='ltr'><strong>Parnoi.</strong></span> <span class='ocrx_word' id='word_1_788' title='bbox 468 5737 630 5812; x_wconf 74' lang='lat' dir='ltr'><strong>CXXXIV.</strong></span> <span class='ocrx_word' id='word_1_789' title='bbox 1660 5746 1698 5825; x_wconf 75' lang='lat' dir='ltr'><strong>le</strong></span> 
     </span>
    </p>
   </div>
   <div class='ocr_carea' id='block_1_5' title="bbox 0 0 1984 6096">
    <p class='ocr_par' dir='ltr' id='par_1_5' title="bbox 0 0 1984 6096">
     <span class='ocr_line' id='line_1_62' title="bbox 0 0 1984 6096; baseline 0 0"><span class='ocrx_word' id='word_1_790' title='bbox 0 0 1984 6096; x_wconf 95' lang='lat' dir='ltr'><strong> </strong></span> 
     </span>
    </p>
   </div>
  </div>
 </body>
</html>
