3908 6096
92 280 130 344 61

512 284 563 346 ΒΕ
584 281 800 347 caussatus
823 281 1146 346 nectustesvtcts.
1163 313 1204 328 -·
1224 280 1325 345 PARS
1346 279 1373 342 1.

1753 271 1798 337 bi

90 417 181 475 vocati
194 417 269 486 estis,
285 424 316 474 ut
331 417 543 475 benedictionem
554 417 724 475 hereditatis
752 416 915 488 pumicare
928 417 957 485 A
972 432 1050 473 mam
1067 431 1152 472 suam
1167 413 1249 487 ponit
1263 430 1316 486 pro
1331 411 1444 469 ovibus.
1455 410 1588 467 Rursus:
1608 407 1793 468 neccarum

92 507 117 580 (l
127 511 203 564 Petr.
220 523 263 574 111,
280 508 319 579 9).

127 596 193 652 ilaee
207 600 306 652 tamen
323 597 421 652 emnia
435 599 463 652 et
478 596 536 652 alia
550 603 719 653 sanctarum
748 599 913 672 Scriptura-

92 701 158 741 rum
174 683 476 757 documentamuligni
488 689 516 741 et
525 683 652 758 improbi
661 687 913 760 parvipendentes,

91 774 128 830 ad
148 790 279 848 pugnam
295 774 457 830 sacerdotes
471 775 634 849 impingere
649 775 914 848 querunt,nnllam

89 861 222 936 amplius
237 861 426 918 reverentiam
441 862 514 937 ipsis
530 865 728 936 observantes,
753 865 810 921 nisi
835 867 913 937 quad

88 969 149 1008 non
160 953 286 1024 propriis
297 951 444 1020 manibus,
456 954 506 1010 sed
520 969 571 1026 per
580 955 745 1011 submissas
751 955 810 1012 illis
821 956 851 1011 in
861 954 913 1013 tali

88 1041 261 1098 discrimine
270 1040 408 1112 judicant
418 1043 474 1115 (36)
486 1042 642 1099 dimicare:
653 1047 682 1100 et
696 1044 805 1116 quihus
819 1045 914 1117 prohi-

88 1130 184 1186 bitum
195 1133 240 1185 est
248 1134 432 1186 armatorum
443 1132 603 1200 cuncis,vel
611 1133 699 1189 etiam
710 1133 837 1205 publicis
846 1151 911 1207 spe·

88 1217 211 1276 eiaculis
225 1218 380 1285 interesse,
391 1220 428 1276 ad
438 1237 568 1293 pugnem
579 1223 749 1294 producere,
757 1222 812 1279 heu
826 1223 832 1278 l
847 1240 914 1280 nos·

87 1312 150 1365 taes
166 1306 372 1379 compellimur
385 1309 518 1378 vicarios,
535 1315 567 1366 nt
580 1310 624 1367 vel
638 1311 762 1368 istorum
778 1314 856 1369 cede
870 1313 912 1368 vi-

967 508 1046 576 cuiaa
1060 520 1116 560 noa
1130 512 1193 560 auat
1207 520 1269 560 ovea
1279 502 1406 575 proprie,
1417 500 1490 557 videt
1512 501 1608 572 lupam
1625 499 1790 565 venientem,

967 601 992 654 et
1006 596 1121 652 dimittit
1131 610 1190 652 oves
1201 599 1226 650 et
1235 595 1307 667 tupit
1317 592 1408 663 (lbet,
1421 592 1476 664 12.)
1499 589 1529 647 Si
1550 588 1593 644 illi
1618 586 1791 646 mercenarii

968 685 1107 742 dieantur
1121 684 1172 758 qui
1186 687 1303 740 tantum
1325 681 1496 754 relinquunt
1520 695 1597 748 oves,
1614 682 1642 734 et
1657 677 1785 750 fugiunt,

968 775 1047 849 quali
1071 777 1228 831 censentur
1241 770 1382 828 vocabulo
1397 770 1447 843 qui
1462 785 1512 827 aas
1524 768 1611 825 morti
1626 765 1786 838 objiciunt?

968 871 1019 922 aut
1034 863 1179 937 quomodo
1193 865 1295 918 contra
1306 877 1355 917 eos
1366 859 1457 916 armis
1467 858 1608 914 dimicare
1617 872 1788 930 poseamus,

968 972 1042 1028 quos
1052 953 1172 1011 omnino
1183 951 1315 1024 diligere,
1328 955 1356 1006 et
1369 966 1422 1021 pro
1434 948 1544 1020 quihus
1558 946 1648 1003 ctiam
1660 961 1742 1001 orare
1752 943 1789 1000 ab

967 1044 1031 1117 ipso
1049 1043 1170 1100 Domino
1181 1038 1336 1114 jubemur?
1352 1037 1399 1095 ait
1412 1037 1490 1093 enim
1502 1035 1646 1092 Dominus
1655 1035 1684 1089 in
1695 1033 1789 1089 Evan-

967 1132 1061 1207 gelio:
1078 1132 1190 1204 Dilipitc
1203 1131 1332 1187 inimicos
1360 1131 1480 1183 vestros:
1511 1124 1659 1197 benefacite
1681 1122 1788 1194 hirqui

967 1224 1082 1280 oderunt
1097 1238 1143 1278 vos
1157 1219 1260 1293 (lfattb.
1272 1235 1300 1289 v,
1317 1218 1374 1285 lt.)
1384 1217 1437 1272 lit:
1455 1215 1540 1273 Orate
1560 1229 1609 1287 pro
1620 1228 1789 1286 peraequen-

967 1308 1386 1369 tibusetcolumnioutibusooa
1415 1305 1490 1378 (buc.
1521 1320 1603 1368 xxiva,
1631 1302 1690 1373 34.)
1705 1298 1789 1364 Quod

967 1401 1056 1458 etiam
1068 1396 1389 1470 inerucepesitusipse
1407 1392 1535 1460 edocuit,
1557 1390 1673 1447 dicens:
1690 1393 1786 1458 Pater,

966 1507 1001 1548 ae
1015 1489 1189 1546 antemittit
1204 1488 1254 1544 boc
1280 1492 1419 1559 peecatum
1443 1483 1512 1555 (Act.
1540 1498 1590 1553 vu,
1607 1479 1664 1552 59.)
1682 1482 1743 1545 Quo
1758 1482 1787 1533 at

88 1398 141 1465 eti,
157 1395 202 1452 vel
215 1395 334 1453 illorum
349 1399 433 1469 quasi
449 1398 575 1456 absoluti
589 1417 654 1457 esse
673 1402 843 1471 videamur;
860 1419 913 1459 nee

87 1485 603 1569 purgariacriminc,nisiperpetrato
612 1490 735 1547 erimine
749 1491 911 1549 valeamus.
925 1533 927 1536 ι

87 1575 161 1631 Cam
175 1575 253 1632 enim
264 1579 443 1648 preceptum
453 1578 492 1634 sit
502 1578 592 1635 David
609 1596 667 1636 non
682 1581 826 1638 edificare
843 1581 913 1638 visi·
967 1577 1099 1651 exemplo
1114 1578 1233 1634 beatum
1248 1575 1377 1642 levitam,
1392 1577 1422 1631 et
1436 1574 1677 1646 protomartyrem
1699 1584 1788 1623 suum

86 1663 147 1720 bile
158 1662 314 1736 templum,
326 1664 396 1737 quia
410 1667 591 1739 sanguinum
603 1667 648 1724 vir
660 1669 731 1726 belli
746 1670 913 1742 frequentia
967 1667 1149 1741 Stephanum
1165 1667 1238 1723 adeo
1265 1665 1424 1721 informare
1452 1662 1591 1734 dignatus
1610 1662 1664 1729 est,
1680 1660 1714 1713 ut
1727 1656 1790 1729 ipse

86 1753 146 1825 (37)
161 1756 256 1822 esset3
269 1754 417 1826 quomado
444 1757 571 1829 poterint
598 1758 764 1816 sacerdotes
789 1760 911 1832 bellum,
929 1774 1085 1856 Bqueqne
1096 1754 1282 1814 noveriteuis
1297 1770 1350 1827 pro
1365 1749 1600 1809 interfectoribus
1610 1762 1738 1804 exorare.
1754 1745 1791 1802 at

89 1845 141 1898 aut
155 1857 285 1915 pugnam
301 1859 355 1899 sua
369 1844 457 1900 etiam
472 1861 525 1918 pro
535 1847 653 1916 justitia
667 1847 751 1915 inire,
768 1850 819 1922 qui
838 1854 911 1905 tem
966 1843 1342 1918 beatusPauinsapostclus
1350 1843 1386 1899 ad
1393 1842 1549 1898 Romanos:
1560 1837 1715 1896 benedicite
1723 1849 1788 1908 pcr-

87 1928 486 2002 plumdehentediiieare,id
497 1939 542 1991 est
551 1935 710 1993 Ecclesiam
724 1937 773 1993 Dei
784 1939 913 1995 doceret
966 1921 1787 2008 sequentibuevoa,beaedicite‚efaotiteraabdicerebltalibi:

86 2019 135 2074 Ait
148 2019 253 2076 beatus
268 2019 376 2077 Paulas
389 2023 566 2094 Apostolus:
597 2026 737 2097 Templum
763 2027 837 2082 euim
857 2028 913 2084 ‚Dei
966 2024 997 2081 Si
1005 2025 1135 2080 eaurimt
1145 2024 1276 2078 inimicas
1290 2020 1430 2090 tenacibus
1443 2018 1562 2092 tuamet
1575 2016 1642 2087 sitit,
1649 2009 1791 2086 patumde

88 2114 138 2176 est,
154 2106 224 2177 qued
237 2109 301 2164 estis
315 2125 360 2164 coa
374 2109 398 2177 (l
411 2108 472 2165 Cor.
488 2127 531 2182 111,
548 2112 603 2180 17).
616 2113 652 2168 itt
666 2113 755 2169 alibi:
775 2116 822 2171 Vae
834 2117 913 2171 enim
966 2114 1012 2169 titi
1021 2116 1111 2183 (Rom.
1123 2109 1310 2182 xu,22).ltem
1320 2105 1492 2163 Ambrosius
1500 2103 1561 2173 (lib.
1575 2102 1682 2172 adme,
1694 2099 1788 2170 c.lS):

88 2197 153 2251 “⁸5⁸
168 2194 302 2267 templum
318 2197 365 2253 Μ
382 2199 449 2266 vivi»
477 2201 549 2256 sicut
574 2200 642 2256 dicit
671 2202 751 2269 Deae,
780 2206 913 2274 quoniam
966 2196 1398 2274 «Siperfeetuesim‚benedico
1419 2193 1653 2254 maledicentem,
1670 2189 1791 2244 sientet

87 2283 249 2340 inhabitabo
264 2286 294 2340 iu
310 2285 368 2341 illia
381 2294 409 2341 et
423 2288 600 2344 inambulabo
613 2291 687 2346 iuter
701 2307 758 2359 cos,
772 2301 797 2347 et
811 2309 857 2348 ero
872 2294 911 2349 il·
966 2290 1157 2348 benedicebat
1170 2287 1290 2354 Paulns,
1300 2284 1352 2358 qni
1371 2284 1428 2340 ait:
1449 2281 1640 2339 Maledicimur
1659 2279 1686 2334 et
1708 2277 1789 2332 bene·

86 2372 177 2428 taram
191 2373 270 2440 Deus,
286 2365 314 2429 et
328 2376 384 2446 ipsi
394 2379 475 2431 crunt
488 2374 560 2433 mibi
566 2378 684 2449 papulae
694 2380 731 2449 (11
741 2378 802 2434 Cor.
811 2381 912 2451 vale.)
965 2380 1094 2448 biamus,
1103 2378 1320 2452 persecutionem
1335 2375 1459 2446 patimur
1470 2378 1496 2428 ct
1503 2370 1672 2428 sustinemus
1687 2367 1709 2434 (l
1726 2365 1787 2421 Cor.

85 2464 268 2534 Quapropter
282 2463 323 2519 ait
337 2463 441 2521 beatus
455 2465 628 2522 Ambrosius
643 2466 707 2535 (lib.
723 2485 732 2523 1
747 2468 780 2525 de
796 2469 885 2543 offic.)
902 2487 909 2525 :
965 2487 1003 2535 ιν,
1019 2470 1075 2541 12).
1092 2490 1106 2519 »
1123 2469 1233 2524 Tamen
1249 2470 1278 2523 et
1300 2468 1436 2521 sanetum
1452 2459 1541 2518 David
1558 2459 1587 2514 in
1603 2457 1658 2513 hoe
1671 2467 1788 2527 quoquc

86 2549 285 2608 «Bellicarum
297 2569 394 2609 rerum
405 2554 912 2630 studiumanostrooiiieiojamalie·
964 2574 1070 2632 genere
1084 2557 1202 2616 virtutis
1216 2557 1360 2628 imparem
1376 2552 1466 2609 Paulo
1478 2567 1536 2606 non
1553 2547 1644 2604 fnisse
1668 2546 1787 2600 edocere
1808 2604 1810 2606 v

88 2654 161 2695 num
173 2640 299 2708 videtur,
315 2641 385 2714 quia
399 2643 504 2698 anime
519 2645 614 2718 magis
629 2661 716 2717 quam
726 2647 856 2720 corporis
871 2649 911 2704 ai·
965 2663 1144 2721 pessumum
1160 2644 1210 2719 qui
1226 2645 1321 2719 primo
1336 2642 1469 2716 quidem.
1480 2655 1548 2696 eum
1560 2634 1746 2694 malediceret
1761 2630 1787 2687 ei

87 2727 155 2784 ficio
169 2728 372 2800 intendimus;
389 2748 443 2788 nee
458 2734 494 2789 ad
510 2750 593 2789 arma
604 2736 667 2806 iam
683 2740 784 2793 noster
798 2741 912 2809 spectat
964 2737 1044 2793 tilius
1059 2735 1164 2804 Semei,
1180 2740 1210 2792 et
1224 2733 1348 2790 crimina
1372 2730 1521 2802 abjiceret,
1538 2726 1662 2791 tacebat,
1678 2728 1706 2780 et
1726 2721 1786 2777 hu·

89 2832 173 2873 usus.
190 2818 262 2875 Nam
279 2836 352 2877 usus
366 2820 424 2877 cita
439 2820 562 2879 inflectit
576 2828 723 2880 naturam.
741 2848 755 2876 »
772 2826 807 2881 nt
823 2825 910 2897 paulo
965 2826 1099 2883 miliabat
1113 2842 1154 2890 se,
1170 2829 1199 2880 et
1212 2823 1320 2881 silebat
1334 2839 1350 2878 a
1365 2820 1451 2877 bonis
1462 2817 1535 2884 suis,
1546 2816 1601 2872 hoc
1616 2817 1661 2870 est
1675 2812 1786 2868 bonnm

85 2909 173 2977 post:
193 2929 207 2957 a
228 2907 379 2965 Fortitudo
400 2909 911 2986 enimsinejnstitiainiquitatisma-
964 2931 1085 2988 operum
1102 2912 1301 2971 conscientia:
1320 2910 1426 2967 deinde
1439 2905 1629 2979 exspectabat
1652 2896 1788 2958 maledici

84 2994 221 3051 teriaest.
233 2996 322 3053 David
333 3001 652 3071 quoquceonflrmatus
671 3002 701 3057 in
718 3019 819 3077 regno,
834 3021 910 3060 nun·
964 3003 1104 3077 sihi‚quia
1118 3002 1271 3059 maledicto
1287 2999 1337 3056 illo
1347 2998 1476 3055 divinam
1491 2993 1662 3068 acquirebat
1675 2987 1788 3046 miseri·

85 3098 176 3154 quam
187 3084 245 3141 nisi
262 3086 395 3143 consulto
410 3087 533 3144 Domino
548 3089 658 3146 bellum
683 3092 807 3148 adorsus
821 3098 876 3149 est.
894 3115 908 3143 a
965 3094 1105 3149 cordiam.
1125 3092 1179 3158 Qui
1194 3091 1283 3148 etiam
1298 3093 1327 3146 et
1339 3088 1370 3143 in
1387 3085 1509 3159 psalmis
1524 3084 1565 3142 ait
1576 3100 1583 3138 ε
1595 3083 1691 3138 laerte
1711 3077 1788 3133 male

83 3171 118 3227 nt
129 3171 200 3229 alibi
210 3190 217 3228 :
228 3197 242 3224 α
253 3175 377 3231 Videtur
387 3175 471 3244 mihi,
483 3178 560 3247 quod
571 3178 792 3235 virChistienus
808 3182 908 3251 justus
924 3151 946 3219 G
964 3182 1088 3237 inimicia
1103 3181 1182 3245 meta,
1198 3183 1225 3235 et
1244 3181 1273 3233 ia
1285 3178 1401 3233 veritate
1416 3183 1463 3232 tua
1476 3172 1602 3245 depereo
1621 3170 1682 3226 illos
1697 3165 1785 3240 (Psoi.

83 3261 256 3334 etsapians,
272 3277 401 3331 quaerere
418 3263 474 3318 sibi
502 3264 593 3320 vitam
623 3264 718 3321 aliena
747 3272 912 3325 martenam
966 3270 1081 3343 a111,7.)
1096 3266 1169 3332 Quid
1185 3282 1253 3340 ergo
1268 3269 1396 3339 prestat,
1413 3264 1437 3320 si
1458 3261 1621 3320 secundum
1646 3271 1788 3332 quornm·

82 3348 201 3418 debeat,
218 3351 319 3420 utpote
334 3348 516 3420 quietiamsi
536 3350 566 3406 in
594 3351 738 3410 latronem
763 3361 911 3414 armatum
965 3356 1191 3428 damjudieium
1212 3371 1318 3427 eorpus
1333 3351 1577 3409 hecmoriturum
1593 3346 1721 3412 malado
1738 3345 1787 3402 in·

85 3434 375 3504 ineidat-ferientem
391 3438 509 3495 referire
522 3456 580 3495 nen
595 3441 699 3513 possit,
717 3459 752 3499 ne
780 3444 851 3500 dum
866 3463 911 3502 sa·
964 3443 1056 3500 famia
1068 3442 1112 3500 vel
1127 3442 1272 3517 supplicio
1296 3441 1466 3505 liberemus,
1481 3438 1611 3496 animam
1634 3439 1733 3493 autem
1757 3435 1787 3491 in

84 3523 179 3580 labem
195 3523 336 3592 defendit,
352 3525 490 3598 pietatem
504 3529 693 3586 contaminet.
710 3553 725 3580 u
741 3532 782 3589 De
806 3549 864 3605 quo
879 3534 910 3590 in
964 3537 1139 3607 perpetuum
1154 3533 1330 3588 damnemur
1341 3548 1348 3600 ;
1359 3530 1473 3586 dicente
1484 3527 1608 3585 Domine
1622 3543 1628 3583 :
1642 3525 1713 3596 Quid
1721 3540 1786 3598 pro·

32 3666 40 3678 ,
83 3611 311 3686 Evangeliarum
322 3613 406 3671 libris
416 3618 836 3688 apertaetcvidenseentantia
849 3626 908 3681 est:
963 3623 1022 3679 dest
1035 3623 1144 3678 bomini
1157 3623 1182 3677 ai
1194 3622 1355 3677 uniuersum
1366 3618 1504 3676 mundum
1532 3617 1663 3687 lucretur,
1683 3616 1788 3672 anime

84 3701 206 3759 liecende
220 3701 346 3772 gladium
360 3712 439 3760 tuum
453 3707 484 3760 iu
499 3707 589 3762 locum
601 3724 685 3764 suum
697 3727 707 3763 .·
728 3713 821 3768 emata
835 3714 910 3770 euim
962 3728 1025 3769 vero
1039 3727 1100 3769 auae
1107 3711 1303 3768 detrimentum
1315 3710 1461 3782 patiatur?
1474 3705 1581 3778 (beet.
1595 3722 1655 3772 xvi,
1666 3704 1721 3775 16.)
1730 3703 1787 3760 Sed

83 3792 133 3863 qui
146 3790 239 3861 plodio
254 3795 428 3863 percusserit,
443 3794 539 3864 ptadie
553 3795 670 3867 ferietur
691 3799 807 3867 (bfattb.
831 3818 909 3873 xxiv,
962 3802 1012 3860 illa
1023 3800 1124 3858 infelix
1138 3800 1238 3856 anima
1251 3798 1307 3856 hoe
1322 3799 1358 3855 ad
1369 3796 1582 3871 perficiendum
1591 3795 1648 3867 (38)
1659 3793 1785 3861 obediet,

83 3879 226 3950 52.)0uis
242 3879 316 3936 latro
331 3881 542 3951 detestabilior,
559 3899 648 3955 quam
671 3892 839 3958 persecutor
858 3889 910 3962 qui
963 3892 998 3948 de
1014 3907 1073 3963 qua
1087 3889 1303 3962 scriptumest:
1320 3889 1444 3944 Privaoit
1456 3903 1519 3942 eom
1532 3887 1604 3942 Deae
1636 3883 1786 3955 sapientia,

41 4049 47 4058 Ι
82 3972 212 4040 venerat,
225 3973 259 4024 ut
272 3969 422 4026 Christum
433 3971 579 4028 occideret
588 3972 603 4027 ‘i
613 3974 668 4030 Sed
679 3974 774 4031 noluit
783 3994 814 4032 se
824 3977 909 4034 Chri·
962 3996 1012 4035 eec
1025 3980 1100 4036 dedit
1113 3980 1159 4035 itti
1174 3979 1391 4052 intellegentiam
1405 3975 1474 4049 (fob.
1491 3991 1587 4042 xax1x,
1602 3973 1644 4043 7.)

84 4058 151 4112 stus
162 4060 381 4127 persecutorum
391 4058 508 4115 defendi
518 4059 704 4129 vulnerasse
715 4080 803 4121 suum
815 4082 910 4138 usque
998 4067 1089 4123 Nobis
1103 4082 1171 4122 vero
1186 4066 1319 4127 divinum
1329 4065 1441 4137 jugiter
1466 4061 1602 4119 convenit
1630 4058 1787 4130 implorare

83 4144 120 4199 ed
136 4142 329 4202 homicidium
345 4146 482 4220 quamvis
497 4148 638 4222 religione
651 4151 801 4224 pervenire
811 4153 910 4212 taliter
963 4152 1336 4225 auxilium,etomnimodis
1348 4153 1526 4224 satagerent
1536 4146 1788 4222 qaia(38)ahsque

82 4233 232 4290 consensit
242 4233 421 4306 apostolnm;
431 4237 509 4292 unde
517 4240 547 4293 et
556 4253 643 4309 quem
655 4238 704 4296 ille
711 4248 907 4315 percusserat,
963 4248 1081 4318 peecata
1095 4260 1160 4301 esse
1175 4260 1233 4299 non
1248 4257 1419 4316 possumus,
1430 4239 1501 4297 vela
1514 4237 1688 4294 criminibus
1698 4234 1786 4293 alieni

82 4337 150 4379 mcx
165 4321 229 4395 ipse
244 4339 348 4380 sanare
362 4322 501 4397 dignatus
516 4330 570 4382 ast.
584 4325 672 4383 Nulla
685 4345 754 4402 ergo
764 4332 909 4403 proinna·
963 4333 1086 4391 existere
1100 4332 1261 4399 valeamus,
1273 4332 1343 4404 quia
1353 4329 1516 4388 seeundum
1527 4329 1646 4385 beatum
1661 4324 1786 4382 Paulum

82 4410 180 4467 centia
194 4411 386 4470 secularibus
397 4413 488 4469 armis
503 4430 645 4488 pugnare,
659 4416 792 4476 antelios
807 4421 843 4476 ad
854 4420 909 4478 hoe
963 4421 1128 4495 apostolum
1144 4421 1208 4478 sine
1223 4420 1344 4477 erimine
1359 4421 1525 4477 sacerdotes
1539 4433 1604 4474 esse
1619 4416 1734 4473 dehent.
1750 4415 1787 4470 ut

82 4516 133 4571 pro
144 4500 231 4557 nohis
243 4500 417 4575 compellere
428 4503 573 4559 convenit.
582 4505 656 4563 Nam
678 4507 703 4563 si
728 4508 867 4567 facientes
882 4515 949 4581 etl)
965 4508 1787 4585 quamvisperversarumoraomnineobstruerenequea·

82 4589 300 4647 eonsentientes
316 4589 380 4663 pari
406 4607 492 4664 pena
522 4594 775 4668 constringuntur,
799 4603 909 4671 quanto
964 4618 1042 4673 mus,
1059 4602 1095 4658 de
1109 4597 1491 4674 purasecuriconscicntia,
1517 4594 1640 4652 interius
1664 4590 1786 4648 fiducia-

81 4676 176 4750 magis
187 4677 223 4735 ad
235 4693 366 4751 pugnam
377 4681 597 4752 persuadentes,
608 4683 654 4740 vel
664 4684 753 4742 ctiam
768 4686 841 4745 alios
856 4705 908 4761 pro
962 4689 1029 4746 liter
1042 4690 1234 4762 gaudeamus.
1246 4688 1321 4744 Nam
1336 4685 1405 4759 qnid
1419 4684 1528 4740 mirum
1538 4682 1563 4741 si
1573 4682 1709 4739 homines
1719 4697 1786 4754 per·

80 4779 112 4821 ae
126 4770 325 4839 opponentes,
334 4769 637 4842 pugneimplioantnr
649 4774 778 4846 pericula
787 4776 802 4831 ‘i
812 4777 910 4835 lusan·
963 4779 1028 4847 diti,
1039 4782 1068 4834 ct
1082 4777 1214 4834 subversi
1228 4777 1373 4833 bonorum
1387 4774 1478 4831 vitam
1492 4773 1636 4829 infamare
1651 4788 1709 4828 non
1724 4786 1787 4826 me·

83 4855 141 4911 sati
159 4860 189 4912 et
202 4856 318 4930 perfidi,
334 4863 412 4916 certe
426 4859 452 4915 si
468 4860 652 4919 nobisarmia
666 4869 778 4922 certare
792 4883 909 4940 compe·
962 4866 1131 4924 tuuntiAit
1144 4865 1223 4921 euim
1236 4864 1341 4921 beatus
1356 4862 1514 4937 Gregorius
1525 4880 1533 4918 τ
1544 4861 1637 4918 llabet
1652 4860 1708 4918 hcc
1718 4874 1785 4932 pre-

79 4946 166 5011 teret,
181 4943 304 5003 liberius
318 4962 373 5019 pra
384 4947 749 5024 fratribusbellare,quam
760 4957 909 5026 pronubis
935 4946 942 4958 '
963 4954 1061 5027 prium
1075 4953 1188 5026 antiqui
1199 4951 1292 5010 bostis
1303 4951 1424 5020 invidia,
1435 4955 1468 5007 ut
1483 4967 1558 5032 ques
1577 4950 1608 5005 in
1629 4961 1785 5021 pravorum

84 5030 159 5089 elica
173 5033 301 5106 objicere
314 5035 498 5093 crederemus
511 5055 518 5106 ;
533 5054 613 5108 nam,
641 5040 683 5096 ait
706 5042 849 5101 Dominus
877 5044 909 5101 in
963 5046 1082 5100 actuum
1094 5041 1318 5114 perpetratione,
1333 5040 1392 5098 Dea
1407 5040 1464 5097 sibi
1479 5039 1642 5108 resistente,
1654 5034 1787 5106 decipere

78 5120 253 5195 bbangelio:
270 5124 365 5181 Bonus
377 5128 556 5198 paetorpoait
565 5129 692 5186 animem
705 5148 845 5205 suampra
855 5134 910 5190 ovi·
962 5148 1021 5188 nen
1037 5131 1122 5203 valet,
1140 5131 1293 5204 opiniones
1306 5145 1408 5186 earum
1423 5129 1497 5186 falsa
1510 5130 1547 5185 ad
1558 5139 1686 5201 presens
1696 5120 1786 5177 simu·

78 5206 129 5266 bue
145 5211 205 5268 sue
222 5213 312 5282 (ioan.
328 5229 358 5283 x,
373 5213 430 5282 fl.)
446 5212 509 5271 Non
525 5216 601 5275 enim
617 5219 669 5286 ait,
689 5219 787 5278 bonus
809 5225 910 5295 pastor
962 5219 1210 5289 land0,dilaeeret.
1223 5220 1281 5276 Sed
1296 5218 1413 5276 illorum
1424 5216 1576 5275 malitiose
1590 5209 1784 5268 detractiones

77 5311 148 5356 eves
164 5299 221 5356 eibi
233 5301 406 5360 commissas
419 5318 472 5376 pro
483 5303 646 5365 animaene
667 5310 762 5382 ponit,
777 5311 828 5367 sed
845 5311 908 5366 ani·
945 5307 1098 5383 'quamvis
1112 5308 1238 5366 multum
1254 5309 1396 5382 impedire
1418 5307 1582 5368 videantur,
1609 5316 1669 5356 non
1697 5299 1783 5357 nohis

113 5422 172 5506 (Sti)
183 5423 324 5482 iudicant.
341 5426 388 5483 Sic
405 5426 590 5485 restituimus
604 5447 620 5488 a
638 5434 736 5491 codice
750 5435 839 5493 Resb.
853 5453 861 5506 ;
876 5425 907 5492 in
959 5438 1003 5507 fre
1020 5437 1120 5492 aenea.

78 5494 177 5565 editae,
194 5497 330 5553 iudicant.
996 5507 1005 5651 p
1045 5505 1279 5580 lecu-ficientium.
1294 5505 1388 5561 Codex
1404 5499 1490 5556 Resb.
1504 5498 1714 5571 proficiendum.

115 5567 175 5641 (37)
188 5569 366 5642 frequentia..
389 5569 433 5628 lta
456 5570 594 5630 laudatus
615 5574 705 5632 codex
721 5577 808 5635 liesb.
825 5577 906 5652 editi,
1007 5580 1052 5653 39)
1071 5581 1103 5638 tlt
1116 5577 1243 5652 quieSio
1257 5575 1395 5633 laudatae
1409 5571 1500 5633 eudes
1512 5587 1518 5627 :
1531 5572 1646 5646 editici
1656 5570 1779 5644 quijam.
