3908 6096
143 296 199 356 en
554 363 558 368 ,
708 260 711 264 ’
883 288 1103 354 sanuonas.
1785 304 1846 366 042

144 428 245 483 mundi
258 428 426 499 jejunemus
440 426 594 492 illecebris,
611 426 674 482 sola
689 442 752 497 quac
763 424 814 480 Dei
827 428 966 480 suntme·
980 425 1008 491 Α
1023 422 1065 476 vel
1091 423 1192 479 otiosis
1216 427 1312 482 verbis
1338 426 1451 496 remoti,
1468 429 1537 501 quia
1561 446 1625 502 qua
1651 431 1717 488 aliis
1741 436 1846 494 diebus

142 517 268 572 ditantes
283 533 317 572 ac
333 515 432 572 divina
453 516 560 588 pabula
586 515 780 580 ruminantes,
798 518 830 568 ut
846 514 880 567 ad
898 529 967 568 oon·
1021 510 1108 566 etiarn
1125 510 1223 579 licent,
1240 515 1305 571 istis
1320 533 1370 588 pro
1393 517 1514 573 crimine
1530 519 1683 576 habentur.
1701 523 1846 584 &clasiae

140 604 449 677 templativamvitam,
461 620 525 676 quae
542 616 593 676 per
609 602 747 676 paschale
762 601 905 673 gaudium
922 600 966 655 in·
1021 600 1141 673 insuper
1155 601 1346 676 frequentate,
1363 606 1496 663 infirmos
1511 613 1540 663 et
1554 607 1584 665 iu
1613 626 1759 668 carcerem
1774 613 1844 672 visi-

140 693 293 765 telligitur,
310 693 458 765 pervenire
469 709 635 749 mercamur
650 695 779 748 ovantes.
791 690 864 746 Nam
875 690 964 746 dena·
1021 693 1090 755 tate,
1106 691 1251 748 debitores
1265 692 1380 765 solvite,
1398 701 1517 753 moestos
1539 698 1696 767 consolate,
1712 703 1846 775 pauperi·

140 782 203 837 rius
219 781 425 854 perfectionem
438 781 639 850 beatitudinis,
651 779 856 852 quaternarius
867 783 965 834 autem
1019 778 1075 835 bus
1091 784 1251 852 erogate...

139 869 352 943 plenitudinem
368 871 506 926 ostendit.
519 871 610 926 Totus
623 871 702 925 enim
714 870 843 925 mundus
859 885 875 923 a
894 885 965 940 qua·
1331 871 1451 929 SDRMO
1471 874 1532 932 Vll.

139 962 207 1015 tuor
221 961 314 1015 ventis
330 958 480 1025 delinitur,
490 964 517 1015 et
525 963 651 1031 quatuor
665 957 817 1014 elementis
827 956 963 1029 erigitur,
1281 977 1311 1014 nr
1330 977 1376 1016 ors
1396 978 1571 1021 recusante.

139 1053 267 1120 quatuor
290 1048 378 1103 etiam
403 1049 584 1120 temporibus
610 1048 679 1102 anni
702 1047 781 1103 vices
802 1047 962 1101 variantur.
1055 1045 1252 1102 Promissione
1266 1047 1383 1105 Domini
1401 1054 1493 1108 nostri
1507 1053 1578 1108 lesu
1603 1053 1721 1135 Christi,
1738 1057 1842 1117 iratres

139 1137 243 1192 Decem
258 1152 327 1208 ergo
342 1142 446 1208 quater
460 1137 558 1202 ducta,
571 1136 765 1209 quadraginta
776 1150 963 1205 consequun-
1018 1133 1466 1211 charissimi,confidimus,quia
1480 1142 1515 1197 de
1530 1142 1658 1214 gloriosa
1672 1146 1736 1217 ejus
1747 1162 1842 1206 resur-

137 1230 197 1281 tur.
211 1227 271 1290 Quo
288 1241 409 1280 numero
425 1224 590 1280 ostenditur
602 1225 638 1279 ab
654 1224 733 1279 omni
744 1222 899 1294 temporali
912 1222 962 1276 de·
1017 1223 1145 1279 rectione
1160 1223 1259 1281 nullus
1284 1231 1378 1282 terror
1392 1233 1522 1285 vestrum
1539 1247 1590 1288 oor
1613 1236 1771 1306 oppressit,
1787 1253 1840 1296 neo

136 1309 963 1383 ctationehicabstinendumaejejunandumabsqueulla
1017 1311 1151 1367 dubietas
1176 1314 1267 1369 menti
1287 1315 1424 1389 irrepsit3
1443 1334 1511 1374 uam
1528 1337 1617 1392 pavor
1639 1323 1840 1394 apostolorum

136 1403 332 1458 controversia
355 1419 429 1468 esee,
460 1407 492 1456 ut
518 1402 651 1457 coelestes
674 1399 794 1457 delicias
820 1399 961 1470 consequi
1016 1402 1244 1474 ceterorumque
1256 1405 1320 1475 ejus
1329 1406 1842 1477 temporissanctorumincrudelita-

135 1491 286 1548 valeamus
299 1509 306 1560 ;
318 1492 395 1563 quod
405 1490 490 1563 plane
499 1491 642 1546 Dominus
652 1489 681 1544 in
691 1490 706 1544 l
711 1490 862 1544 udaeorum
873 1487 962 1560 signi·
1017 1487 1055 1544 tis
1070 1487 1193 1562 caligine
1207 1490 1347 1547 alebatur.
1363 1495 1417 1549 Sed
1432 1493 1549 1553 illorum
1565 1497 1722 1558 infirmitas
1734 1509 1839 1561 nostre

135 1579 457 1650 ticavitednotiono,qui
467 1575 902 1648 inhujusmodiannosnurneri
911 1591 962 1647 per
1018 1577 1072 1632 tuit
1087 1578 1273 1649 perfectionis
1284 1585 1586 1658 augmentumlgitur
1600 1589 1840 1660 quae,ististran-

135 1669 284 1724 desertum
299 1668 396 1723 educti
411 1672 490 1736 sunt,
502 1667 593 1723 solius
606 1682 679 1738 pene
695 1664 833 1721 alimonio
847 1681 960 1720 manna
1015 1665 1106 1721 sactis
1121 1665 1235 1738 diebus,
1244 1669 1329 1741 quasi
1338 1671 1478 1743 oxopucis
1486 1672 1639 1731 frondibus
1648 1677 1745 1734 radios
1754 1679 1839 1736 emit·

134 1757 302 1824 sustentati,
317 1757 399 1812 utad
423 1755 661 1828 repromissionis
678 1754 802 1825 patriam
828 1753 959 1825 perveni·
1015 1753 1124 1824 lebant,
1151 1772 1228 1812 nunc
1250 1758 1311 1826 jam
1336 1756 1414 1813 clera
1438 1775 1506 1815 voce
1533 1763 1739 1833 predicentur.
1765 1767 1838 1825 Hinc

135 1852 210 1902 rent.
226 1846 282 1902 Sed
308 1845 357 1916 qui
384 1862 435 1917 pro
460 1844 603 1900 deserti...
629 1860 708 1915 ergo,
724 1843 829 1898 tratres
853 1840 960 1897 charis·
1015 1843 1839 1926 namquecotligerepotestisquiaquantomagisDomini

134 1933 247 2002 simi,...
263 1934 480 1990 studiosissimo
496 1933 648 1989 custodiri.
666 1933 732 1996 Qua
750 1931 774 1986 si
797 1935 879 1987 senta
893 1936 958 1986 tan·
1013 1931 1225 1988 annuntiemus
1236 1933 1413 2005 passionem,
1427 1937 1550 1994 eoociue
1562 1939 1598 1994 ad
1614 1940 1837 2009 ajnsoelehran·

133 2023 286 2079 tummodo
297 2027 363 2078 ante
375 2020 959 2091 Paschainchoeturhebdomada...patet
1013 2019 1081 2074 darn
1097 2022 1340 2094 appropinquatis
1363 2026 1617 2084 resurrectionem.
1633 2029 1688 2085 Sex
1711 2031 1837 2104 denique

132 2112 202 2183 quia
214 2110 441 2183 quadragesima
453 2127 510 2165 non
521 2109 595 2177 erit;
613 2126 662 2165 sex
674 2108 752 2164 enim
768 2107 957 2165 hebdomade
1012 2107 1075 2163 dies
1096 2125 1188 2181 usque
1213 2111 1248 2166 ad
1265 2109 1346 2168 illius
1370 2113 1435 2169 testi
1451 2115 1593 2188 gaudium
1619 2124 1835 2178 numerantur:

131 2205 202 2255 sunt
216 2200 278 2256 dies
303 2200 501 2271 quadraginta
515 2202 543 2253 et
568 2199 636 2254 duo.
653 2197 819 2253 Subtrnctis
835 2197 956 2252 totidem
1012 2201 1093 2253 sexta
1117 2199 1204 2255 etiam
1229 2200 1414 2258 hebdomada
1436 2207 1586 2262 transacta
1609 2211 1664 2275 est,
1680 2212 1837 2281 postquam

130 2287 291 2345 Dominicis
306 2288 482 2353 diebus,non
497 2287 625 2359 amplius
639 2285 857 2341 inabstinentia
868 2302 955 2357 quarn
1012 2291 1100 2358 capnt
1111 2287 1217 2358 jeJunii
1232 2287 1403 2346 indiximus.
1419 2289 1470 2346 Vel
1486 2291 1516 2348 in
1532 2291 1662 2368 biserga
1677 2297 1835 2363 sextariis,

129 2377 254 2448 triginta
278 2382 306 2432 et
329 2393 379 2432 sea
394 2392 547 2448 superesse
572 2375 717 2440 novimus,
733 2374 789 2447 qui
806 2373 956 2446 quaternis
1011 2376 1116 2431 tratres
1130 2376 1324 2444 dilectissimi,
1341 2384 1665 2456 recuperaresssatagite,
1683 2386 1707 2440 si
1723 2384 1835 2460 aliquid

128 2483 147 2521 a
174 2465 309 2537 presenti
335 2481 457 2521 numero
482 2463 630 2520 deliciunt.
648 2466 777 2530 Quatuor
801 2479 868 2535 ergo
892 2462 955 2518 dies
1011 2464 1134 2520 tortasse
1151 2465 1178 2520 in
1194 2482 1245 2522 sex
1259 2467 1413 2539 preteritis
1426 2469 1660 2530 bebdomadibus
1675 2474 1834 2533 defecistis.

128 2553 220 2625 hujus
244 2554 442 2610 antecedentis
466 2553 657 2610 hebdomade
683 2557 853 2620 sumuntur,
870 2555 903 2606 nt
918 2551 954 2607 ad
1010 2553 1835 2630 Quamvissintquidamquialiquoshujushebdomadae

128 2643 298 2714 praedictam
326 2658 474 2697 summam
498 2657 639 2696 numerus
655 2644 776 2696 crescat.
792 2640 844 2695 Est
865 2638 955 2711 igitur
1009 2640 1196 2709 dies,ecilicet
1206 2643 1337 2715 quintam
1349 2644 1451 2701 leriam
1462 2651 1491 2702 et
1501 2647 1834 2718 Sabbatum‚absolutio-

128 2730 219 2802 hujus
234 2734 322 2802 caput
329 2730 436 2803 jeJunii
447 2730 545 2796 hodie,
558 2730 635 2802 quod
649 2733 693 2785 est
708 2728 839 2800 septima
851 2732 955 2800 quarta
1008 2744 1055 2785 res
1070 2747 1128 2802 pra
1139 2731 1248 2788 caeteris
1263 2733 1568 2805 quadragesimalibus
1578 2753 1642 2794 esse
1657 2738 1832 2811 dijudicent,

128 2819 200 2876 teria
213 2820 418 2875 hebdomada:
433 2837 449 2874 a
464 2835 523 2890 qua
533 2834 626 2891 usque
640 2819 675 2873 ad
692 2822 824 2873 sanctam
839 2816 952 2873 Domini
1008 2820 1084 2890 quod
1102 2826 1204 2875 contra
1216 2836 1360 2877 canonum
1375 2827 1421 2878 set
1433 2827 1555 2890 statuta,
1571 2840 1624 2881 neo
1638 2825 1727 2884 ulliae
1742 2845 1831 2886 sacra

127 2905 954 2981 resurrectionem,exceptistantummododiebusDomi·
1007 2908 1163 2980 Scriptura
1187 2909 1379 2964 confirmatur
1402 2911 1583 2980 auctoritate,
1607 2914 1690 2971 nohis
1714 2932 1831 2989 quoque

126 2998 211 3069 uicis,
225 2998 391 3056 districtum
407 2995 542 3051 convenit
552 3011 603 3066 per
613 2993 711 3049 omnia
721 2993 950 3064 celebrarejeju-
1006 2999 1118 3050 rectum
1128 2994 1249 3052 minime
1260 3012 1323 3052 esse
1336 2996 1460 3053 videtur.
1472 3001 1584 3063 Quanto
1595 3002 1831 3061 etenimvicinio·

124 3086 338 3159 nium,quod‚si
350 3084 480 3141 solvatur
489 3083 520 3138 in
532 3083 641 3155 atiquo,
650 3083 713 3153 jam
725 3082 952 3154 quadragesima
1006 3083 1568 3157 respaschaligaudioacoedimus,tanto
1576 3089 1707 3161 puriores
1716 3099 1832 3151 nosmet

123 3177 262 3232 nouerit.
284 3175 313 3231 Si
338 3180 437 3230 nutem
453 3189 536 3229 sacra
560 3170 711 3243 Scriptura
726 3170 791 3226 illos
806 3170 947 3242 increpat,
963 3162 986 3226 C
1005 3171 1085 3244 ipsos
1101 3189 1262 3244 preparare
1276 3173 1569 3247 debemus,jejuniis,
1586 3179 1777 3250 orationibus,
1791 3182 1831 3238 vi-

122 3265 175 3339 qui
194 3266 281 3321 etiam
306 3263 523 3336 quodammodo
538 3261 681 3317 absolutis
706 3260 821 3330 diebus,
837 3260 949 3316 deliciis
1002 3260 1828 3345 giliis,seuomnibusmisericordiarumoperibus,etjugi

121 3359 152 3410 et
167 3352 367 3425 voluptatibus
379 3353 624 3421 fruuntur,quam
641 3349 735 3404 diram
747 3347 789 3403 illi
807 3349 948 3421 recipient
1004 3349 1123 3421 insuper
1137 3351 1206 3406 llatu
1223 3351 1367 3423 preterita
1377 3350 1482 3408 delicta
1496 3353 1602 3411 lavare.
1615 3356 1711 3414 Sedet
1724 3359 1828 3431 siquis

119 3443 309 3506 sententiam,
327 3441 377 3512 qui
393 3438 497 3496 saltem
514 3439 585 3494 istos
601 3437 799 3510 neglexerint?
814 3442 864 3493 aut
879 3455 946 3493 cum
1002 3455 1057 3494 sua
1072 3439 1168 3494 llenda
1183 3444 1348 3511 noneperat
1363 3456 1427 3496 esse
1443 3440 1581 3511 facinora,
1591 3443 1694 3502 saltem
1712 3449 1825 3504 Domini

120 3547 182 3603 qua
197 3529 374 3586 conscientia
386 3530 422 3585 ad
438 3527 618 3584 immaculati
627 3527 701 3599 Agni
716 3543 800 3582 esum
815 3526 946 3598 paschali
1001 3543 1068 3582 eum
1080 3532 1259 3600 compungat
1270 3527 1315 3584 his
1332 3528 1435 3586 diebus
1451 3531 1651 3602 injuriantem
1666 3550 1733 3591 cum
1747 3544 1825 3595 esset

120 3617 278 3674 testivitate
293 3617 449 3689 impudens
473 3616 609 3672 accedere
625 3614 805 3687 praesumet?
821 3615 947 3687 qualiter
1000 3615 1078 3672 Deus
1093 3621 1158 3672 ante
1174 3616 1290 3682 saecula,
1306 3617 1335 3672 in
1345 3618 1475 3675 termam
1488 3621 1564 3677 servi
1580 3622 1710 3692 veniens,
1726 3631 1822 3699 sputa,

121 3705 339 3762 communicare
366 3704 514 3760 Dominico
530 3703 636 3775 poterit
654 3703 777 3775 corpori,
794 3704 845 3776 qui
856 3721 944 3759 suum
1000 3705 1091 3779 tlagra
1104 3706 1140 3761 ab
1156 3705 1255 3778 impiis
1266 3706 1439 3779 suscipiens,
1452 3725 1503 3781 pro
1520 3714 1621 3767 nostra
1631 3712 1821 3790 ipsorumque

119 3793 280 3866 neglexerit
301 3793 386 3849 honis
410 3792 541 3849 moribus
565 3791 608 3847 vel
633 3792 668 3847 ad
689 3797 805 3864 tempus
829 3809 942 3858 ornare,
998 3794 1087 3849 etiam
1104 3793 1198 3849 salute
1212 3793 1416 3864 hujuscemodi
1432 3796 1461 3851 in
1478 3801 1608 3870 tempore
1622 3800 1752 3859 animam
1767 3821 1821 3876 po·

119 3900 188 3939 cum
202 3883 302 3938 audiat
316 3900 323 3938 :
336 3883 390 3951 Qui
401 3880 513 3953 indigno
523 3881 669 3935 manducat
679 3884 705 3935 et
719 3880 944 3951 ditit‚jurliciom
998 3898 1067 3939 nere
1082 3899 1139 3938 non
1157 3882 1299 3953 despexit.
1311 3883 1511 3953 Competiatnr
1526 3902 1593 3958 ergo
1604 3890 1822 3964 unusquisque,

116 3973 174 4027 siti
185 3971 336 4027 munducat
349 3979 375 4025 et
390 3970 482 4025 bibit?
496 3970 521 4040 (l
537 3969 599 4024 Cor.
617 3986 646 4038 n,
662 3969 720 4039 29.)
735 3968 944 4025 abstineamus
999 3969 1102 4025 iratres
1119 3970 1186 4037 mei,
1198 3974 1347 4040 portantes
1362 3972 1527 4043 opprobria,
1543 3979 1572 4029 et
1582 3975 1686 4032 defleat
1698 3978 1825 4036 inseren-

117 4076 188 4133 ergo
203 4077 257 4115 nos
272 4058 390 4114 alueris
403 4062 431 4113 et
445 4057 569 4130 negotiis
583 4055 784 4120 saecularibus,
802 4057 945 4113 abstines·
998 4057 1071 4113 tium
1095 4057 1263 4113 cecitatem.
1281 4062 1346 4130 lpse
1361 4058 1486 4131 denique
1510 4061 1582 4117 dixit
1597 4062 1627 4118 in
1643 4066 1797 4140 Evangelio
1815 4087 1822 4126 :

117 4165 188 4205 mus
202 4166 255 4205 nos
270 4166 287 4204 a
306 4146 474 4203 carnalibus
499 4145 701 4202 delectationis
726 4146 865 4201 adversus
880 4145 942 4201 nni·
998 4146 1076 4201 Beati
1091 4147 1139 4216 qut
1154 4147 1259 4216 lugent,
1271 4147 1401 4217 quonium
1415 4149 1469 4220 ipsi
1478 4150 1694 4208 consotabuntur
1708 4156 1820 4226 (Mauo.

116 4254 197 4293 mam
222 4236 419 4292 militantibus
433 4237 456 4307 (l
471 4240 545 4291 Petr.
564 4252 595 4303 n,
612 4235 667 4304 11),
683 4239 712 4289 et
736 4234 859 4306 dignum
884 4235 942 4290 Deo
997 4250 1024 4300 v,
1040 4237 1078 4307 5).
1096 4234 1273 4291 Commodus
1288 4236 1426 4293 astenim
1450 4254 1529 4295 nunc
1545 4239 1762 4313 aliquantulum
1778 4245 1823 4302 lu·

116 4326 227 4382 nostris
243 4325 392 4381 mentibus
414 4323 615 4380 habitaculum
641 4338 851 4394 praeparemus.
866 4326 943 4378 Ante
997 4328 1073 4391 etus,
1091 4327 1122 4378 ut
1141 4322 1263 4380 liberius
1279 4323 1308 4379 in
1333 4329 1435 4381 sancta
1449 4329 1661 4387 resurrectione
1675 4330 1820 4391 latemur.

116 4414 218 4470 omnia
232 4411 426 4483 dilectissimi,
442 4412 478 4467 de
504 4411 659 4483 praeteritis
675 4409 761 4466 malis
782 4411 941 4467 contessio-
997 4410 1153 4468 Psalmista
1172 4429 1288 4484 quoque
1304 4413 1367 4470 ait:
1386 4415 1456 4483 Quid
1476 4417 1629 4474 retribuum
1644 4421 1759 4479 Domino
1772 4440 1822 4496 pru

116 4519 185 4560 nem
210 4519 306 4558 veram
330 4502 387 4557 Deo
410 4506 438 4557 et
463 4500 666 4557 sacerdotibus
687 4501 772 4554 tacite
794 4500 897 4571 (1510),
914 4503 943 4555 et
958 4523 981 4588 D
996 4501 1122 4556 omuibus
1137 4517 1199 4572 quae
1214 4502 1344 4558 retribuit
1356 4502 1427 4558 milri
1436 4507 1449 4557 t
1464 4505 1586 4561 Culicem
1600 4509 1735 4566 salutaris
1749 4513 1821 4569 acci·

117 4592 238 4665 dignam
255 4592 455 4664 poenitentiam
470 4590 557 4663 agite,
573 4589 643 4662 quia
658 4586 783 4644 multum
798 4589 881 4645 obest
895 4588 938 4643 lu·
997 4591 1088 4662 pium,
1103 4595 1129 4645 ct
1143 4607 1242 4646 nomen
1256 4591 1368 4647 Domini
1387 4593 1515 4649 inuocato
1529 4594 1614 4666 (Psol.
1628 4613 1690 4666 cxv,
1706 4600 1750 4672 12,
1766 4601 1823 4673 13).

117 4680 235 4738 culenta
248 4680 370 4736 edificia
384 4678 501 4734 caducis
512 4678 712 4734 fundamentis
723 4678 862 4750 coaptari.
874 4679 946 4734 Con·
1000 4678 1080 4734 Galia
1095 4695 1161 4735 vero
1174 4683 1203 4735 et
1228 4684 1329 4752 aperta
1342 4683 1505 4751 persecutio
1529 4688 1558 4740 ct
1581 4685 1713 4744 occultus
1729 4693 1825 4761 potest

116 4769 243 4827 siderate
272 4770 359 4825 etiam
390 4767 533 4838 serpentis
559 4767 757 4837 prudentiam,
785 4766 834 4838 qui
864 4766 944 4822 nullo
1000 4766 1123 4841 intelligi
1135 4768 1273 4840 gemitus,
1285 4767 1336 4840 qui
1349 4771 1564 4841 quoquomodo
1580 4773 1616 4829 ab
1631 4777 1711 4833 omui
1725 4781 1823 4835 tamen

116 4858 302 4915 modulantis
312 4856 463 4929 lympham
474 4858 575 4926 potare
587 4854 746 4925 praesumit,
757 4855 847 4911 donec
859 4873 945 4912 omne
1000 4855 1134 4911 convenit
1149 4855 1314 4911 Christiano
1340 4857 1444 4926 potari.
1461 4858 1661 4931 Proeparcmus
1684 4879 1753 4938 ergo
1769 4873 1823 4921 not

114 4963 262 5003 venenum
274 4943 544 5003 ellundat.Vulneri
561 4958 744 5014 quoquenon
760 4943 874 5013 proficit
885 4962 944 5000 me·
1000 4944 1036 5000 ad
1053 4945 1184 4999 suturam
1202 4944 1308 4998 testum
1325 4945 1427 5017 (1511),
1444 4947 1622 5021 charissimi,
1636 4953 1672 5007 ad
1688 4953 1765 5025 quod
1781 4953 1823 5007 di-

115 5033 357 5102 dioamenlnm,si
370 5032 466 5087 adhuc
476 5030 586 5086 terrum
599 5029 679 5085 insit.
692 5030 792 5085 Estote
802 5035 944 5103 ergo,lra-
999 5050 1054 5104 gns
1074 5033 1256 5105 pervenire...
1277 5032 1430 5091 Dominus.
1452 5037 1671 5096 Exsultemus...
1686 5057 1738 5097 nec
1750 5039 1821 5095 deli·

114 5127 187 5191 tres,
206 5123 234 5177 in
250 5122 354 5178 officiis
370 5121 493 5188 assidui,
512 5119 541 5174 in
558 5117 666 5190 vigiliis
683 5118 821 5190 prompti,
839 5120 868 5173 in
881 5137 945 5176 ore·
1000 5121 1111 5177 ciarum
1125 5120 1192 5189 cibi,
1207 5121 1256 5175 sed
1269 5137 1356 5192 opera
1371 5123 1782 5196 praemittendasuntjnstitiae
1795 5133 1824 5185 et

115 5211 249 5266 tionibus
265 5210 408 5275 continui,
426 5210 455 5264 in
472 5209 537 5264 cibo
554 5206 643 5279 parci,
660 5207 689 5262 in
713 5212 783 5279 potu
799 5208 898 5276 sobrii,
915 5209 944 5264 in
1000 5210 1156 5282 equitatis.
1168 5209 1272 5280 Aptius
1284 5212 1417 5267 estenim
1429 5217 1495 5269 ut...
1511 5220 1569 5271 tres
1580 5215 1740 5271 mediocres
1751 5232 1823 5288 pras-

115 5300 312 5372 eleemosynis
334 5297 421 5371 largi,
446 5297 476 5352 in
504 5298 638 5352 castitate
661 5295 786 5360 honesti,
818 5298 854 5352 ab
881 5298 945 5370 ipso
999 5316 1084 5371 pares
1096 5297 1222 5364 tunicas,
1235 5299 1312 5355 undo
1326 5304 1354 5356 et
1368 5306 1396 5357 te
1406 5308 1434 5358 et
1448 5319 1590 5374 pauperes
1600 5302 1708 5360 Christi
1719 5304 1825 5365 vestire

114 5389 205 5447 etiam
230 5385 379 5460 conjugali
407 5391 470 5441 toro
486 5385 635 5458 suspensi,
652 5384 688 5440 ab
715 5383 853 5442 omnibus
867 5387 945 5444 lodis
999 5385 1107 5455 valeas,
1120 5404 1208 5459 quam
1225 5392 1258 5443 ut
1272 5405 1361 5445 unam
1377 5389 1537 5446 solumtibi
1552 5390 1710 5463 pretiosam
1726 5393 1824 5467 acqui·

151 5528 244 5606 (1510)
261 5527 292 5583 In
309 5543 401 5609 marg.
414 5527 563 5597 suciamus,
580 5527 709 5599 itemque
735 5543 941 5613 monogamus.
999 5530 1034 5586 nd
1048 5547 1141 5614 quum,
1169 5530 1232 5614 sine
1256 5531 1470 5588 emendatione.
1490 5531 1595 5591 Recole
1618 5550 1708 5595 serm.
1724 5536 1741 5594 l
1755 5536 1822 5601 init.

150 5601 243 5676 11511)
254 5599 335 5673 cod,
347 5615 443 5675 prima
452 5614 554 5668 manu,
565 5600 812 5674 futurumsestcm,
824 5606 853 5661 et
867 5602 944 5661 intra
998 5600 1061 5661 itab
1075 5617 1154 5661 nuuc
1169 5602 1297 5665 dicimus
1312 5603 1343 5663 lc
1355 5606 1436 5679 sesto.

258 5728 391 5794 Parnon.
415 5724 577 5810 cxaxtv.
1643 5736 1685 5822 gp
