3908 6096
167 279 227 345 919
675 288 846 356 ennodio
866 290 1161 359 tunduntnttsls
1180 294 1359 360 numento
1812 297 1877 364 199

169 412 310 487 quonism
319 414 376 474 etei
387 417 509 476 verbnm
520 420 571 479 nei
585 419 615 478 in
632 419 793 480 incredulis
807 423 923 498 excidit,
934 423 990 482 im·
1004 425 1081 499 Aex
1095 443 1154 484 uno
1164 427 1320 485 concubitu
1333 427 1425 502 petris
1434 427 1528 486 nostri
1539 430 1631 486 leuco.
1644 428 1758 497 Quibus
1771 430 1873 490 verbis

169 501 281 578 pletum
296 508 395 564 umen
410 510 456 565 est
469 507 500 566 in
515 510 713 570 credentibus.
727 513 809 582 Quod
824 518 857 570 ut
870 514 991 587 operiet,
1047 513 1126 573 illius
1137 516 1271 573 meminit
1279 516 1334 574 loci
1348 534 1405 590 quo
1416 516 1525 590 legitur
1535 517 1606 590 quie
1619 534 1688 575 cum
1697 516 1873 577 oollidereu·

170 593 255 667 qussi
271 610 429 667 exponens,
446 597 622 669 subjunxit:
646 605 707 658 lton
730 604 806 659 enim
826 619 929 673 omnes,
945 601 994 678 q'ui
1046 608 1096 662 tur
1108 604 1218 679 gemini
1240 606 1271 663 in
1294 610 1378 662 utero
1394 606 1527 663 Rebeooe
1550 605 1629 679 (Gen.
1644 623 1711 677 xxv,
1725 608 1784 679 22),
1800 608 1874 667 solit

169 691 234 739 sont
247 699 283 765 eu
296 686 392 759 lsrael,
408 686 687 755 linostimum:
702 690 731 747 id
747 696 801 760 est,
818 709 877 751 nou
891 709 993 752 omnes
1047 693 1168 752 consule
1182 695 1350 766 Dominum,
1366 694 1414 751 oui
1429 694 1572 752 Dominus
1596 696 1771 767 respoudit:
1797 701 1873 757 ουκ

170 771 222 847 qui
237 775 402 833 seeundum
416 791 535 833 curnem
549 793 584 835 ex
601 778 693 836 lecolo
707 781 798 855 stirpe
812 783 995 841 descendunt
1046 788 1145 855 pentes
1158 785 1184 839 et
1194 783 1252 839 ouo
1262 784 1365 857 populi
1372 782 1403 839 ist
1416 791 1499 839 utero
1508 791 1634 840 tuomet
1648 784 1809 854 etpoputue
1822 799 1875 854 pc·

170 866 241 918 eunt
255 860 310 919 viri
323 863 454 921 videntes
468 869 571 935 Deum,
587 868 726 940 quonium
742 887 799 928 nnn
815 888 917 930 omnes
932 889 994 930 ore·
1046 871 1151 943 pulum
1163 873 1320 945 superabit,
1331 881 1359 929 et
1373 876 1473 945 major
1486 872 1588 928 seruiet
1597 872 1708 930 minori
1716 871 1796 945 (Gen.
1807 890 1874 942 ιιι,

170 948 247 1007 dunt
256 952 286 1007 in
297 950 421 1009 Christo.
434 953 607 1028 Quicunque
619 972 688 1032 ergo
697 974 732 1016 ex
744 960 823 1017 omni
835 966 921 1035 gente
931 979 993 1019 cre·
1047 962 1094 1034 23)
1109 961 1163 1018 Per
1177 977 1252 1034 quoe
1280 961 1369 1018 etiem
1383 961 1458 1019 duos
1474 961 1610 1019 Rebeocs
1625 960 1701 1017 filios
1722 961 1876 1020 eredentes

171 1036 241 1097 deut
254 1039 283 1095 in
299 1055 379 1109 eum,
393 1040 424 1098 hi
440 1047 511 1100 sunt
525 1043 579 1100 viri
595 1047 744 1104 lsreelitn.
762 1048 822 1119 Nec,
838 1051 905 1123 qula
919 1049 994 1124 (331)
1048 1054 1078 1107 et
1090 1049 1235 1106 increduli
1249 1049 1451 1124 designentur,
1462 1065 1515 1123 per
1528 1051 1669 1121 meierum
1680 1050 1769 1122 deun,
1781 1050 1875 1108 inore·

169 1143 262 1207 renuo
274 1132 338 1187 runt
351 1130 482 1199 Abrolrae,
498 1148 592 1190 omncs
604 1136 681 1207 ullu·
695 1137 725 1193 id
739 1143 795 1207 est,
811 1155 870 1196 nou
891 1157 994 1197 omues
1049 1138 1122 1210 duli,
1137 1138 1346 1212 perminorem
1361 1154 1429 1195 vero
1443 1138 1534 1195 leoob
1549 1137 1709 1195 credentes.

171 1213 215 1275 illl
224 1217 273 1290 qui
285 1233 338 1291 per
347 1221 510 1279 oernemeb
521 1238 554 1279 co
566 1224 995 1302 descendunt‚eedquicunque
1056 1247 1059 1251 ·
1085 1228 1141 1284 Sed
1167 1242 1258 1301 quere
1280 1227 1393 1284 eddidit
1405 1226 1562 1300 Apostolus
1576 1243 1614 1283 eu
1627 1243 1685 1284 uno
1700 1227 1879 1285 coecewrel

171 1306 300 1363 exomni
316 1311 402 1383 gente
417 1309 482 1380 ojus
496 1312 620 1387 vestigio
632 1314 796 1387 imitentur,
812 1316 843 1373 bi
859 1316 912 1374 lilii
926 1321 998 1376 sunt
1050 1315 1175 1384 Scilicet,
1190 1333 1226 1373 ne
1240 1315 1386 1373 diceretur
1398 1316 1477 1390 quod
1486 1316 1577 1374 lecob
1587 1316 1652 1373 suis
1661 1315 1705 1372 vel
1717 1319 1875 1388 perentnm

170 1394 303 1452 Abrehe.
1050 1409 1102 1462 ent
1112 1403 1279 1478 reliquorum
1292 1404 1523 1478 propinquorum
1536 1404 1648 1461 meritis
1660 1404 1771 1461 electus
1785 1404 1879 1474 eit,et

204 1483 241 1541 Et
255 1484 311 1541 hoe
323 1485 397 1556 vult,
413 1488 492 1560 quod
507 1490 660 1564 seqnitur:
677 1492 733 1550 Sed
746 1493 777 1551 ire
791 1494 873 1552 lrooc
887 1498 997 1554 uocabi-
1050 1494 1129 1566 quod
1143 1492 1357 1551 excellentioris
1381 1493 1478 1551 meriti
1502 1496 1532 1550 st
1554 1491 1726 1550 melioribus
1740 1492 1877 1550 moribus

169 1576 221 1629 terr
236 1573 290 1631 rue·
311 1591 406 1633 semen
420 1580 501 1647 (dee.
515 1595 574 1648 ιιι,
591 1580 646 1653 12).
662 1581 773 1646 Quibus
795 1584 892 1643 verbis
916 1585 997 1646 illius
1050 1581 1382 1655 lueritpstcrejusoum
1393 1581 1652 1654 huncquemoum
1659 1580 1781 1638 iretrem
1791 1579 1879 1639 serni·

169 1657 227 1719 loci
240 1662 385 1732 meminit,
402 1665 452 1723 ubi
474 1665 584 1741 legitur
607 1669 677 1742 quie
701 1672 838 1746 precepit
851 1673 996 1732 nominos
1050 1670 1141 1740 nevit,
1156 1675 1186 1729 et
1200 1677 1295 1728 meter
1307 1670 1428 1729 ulterius
1441 1669 1605 1730 voluntetis
1618 1684 1686 1727 cunr
1700 1684 1770 1727 eum
1785 1685 1877 1743 quem

169 1748 292 1807 Abrehn
306 1755 340 1807 ut
353 1751 484 1812 obediret
496 1756 559 1814 voci
574 1757 651 1815 Sere
667 1760 767 1818 uxoris
781 1778 852 1828 sue,
867 1767 896 1820 et
910 1762 1034 1862 ejice-B
1050 1776 1118 1818 oum
1127 1761 1246 1818 lrstrem
1259 1759 1402 1835 concepit.
1413 1759 1548 1818 Ostendit
1557 1757 1637 1817 enim
1648 1757 1794 1816 hoodicto
1805 1757 1877 1831 quie

170 1841 215 1894 ret
228 1837 376 1913 encillem,
389 1846 418 1899 st
429 1842 522 1902 fllium
533 1847 597 1918 ejus
607 1849 700 1920 (totu,
713 1850 768 1922 10),
779 1851 920 1922 quonium
936 1870 994 1911 non
1050 1865 1143 1908 unum
1151 1848 1206 1906 luit
1216 1848 1308 1922 petris
1317 1848 1457 1906 meritum
1467 1848 1503 1905 nd
1515 1846 1770 1918 seminandum,et
1780 1862 1877 1905 unum

169 1930 248 1984 esset
260 1926 354 1987 berse
367 1929 448 1989 llllue
462 1933 574 1992 ancille
593 1952 661 1994 eum
683 1937 743 1995 lilio
765 1938 872 2010 libere,
888 1942 940 1999 sed
963 1943 993 1999 in
1048 1937 1153 1995 metris
1167 1938 1206 1995 ed
1220 1937 1446 2012 eoncipiendum
1456 1941 1608 2009 utrosque.
1620 1936 1694 1993 Nem
1704 1934 1761 1993 etei
1771 1938 1878 2008 poetes

169 2012 251 2073 lesen
264 2018 417 2076 nocebitur
430 2020 456 2077 ei
470 2038 583 2081 semen.
1047 2025 1229 2085 voluntatem
1243 2027 1356 2085 rerierc
1366 2026 1472 2099 potuit,
1486 2029 1626 2099 unusque
1641 2023 1773 2081 inclusos
1790 2027 1874 2082 utero

203 2104 352 2165 Atratum
368 2127 448 2183 erpo,
462 2113 539 2170 sicut
554 2113 623 2172 elibi
638 2115 717 2174 idem
730 2117 889 2191 Apostolus
903 2120 992 2178 dicit:
1047 2115 1171 2186 hebens,
1187 2132 1246 2173 non
1261 2116 1314 2174 uui
1329 2116 1404 2188 (339)
1419 2118 1548 2182 tentum,
1563 2113 1614 2171 sed
1628 2128 1712 2188 nque
1726 2111 1875 2171 embobus

168 2197 331 2267 mmmm
341 2198 552 2272 indulturum
562 2203 995 2279 deoncillo,eturrumdettbe-
1050 2204 1177 2265 ruderit.

170 2299 218 2341 ra.
233 2285 287 2345 Sed
299 2288 352 2359 qui
363 2289 400 2345 ds
416 2290 539 2360 ancillo,
553 2295 705 2352 semustum
718 2312 836 2355 cursem
849 2307 939 2356 satus
951 2308 995 2358 est
1081 2294 1124 2351 sd
1139 2293 1404 2351 commendandum
1415 2290 1507 2366 igitur
1517 2290 1642 2365 gretiern
1653 2289 1705 2348 Dei
1720 2289 1777 2348 hoo
1785 2289 1872 2362 dixit,

169 2375 246 2452 (ὒαὶ.
262 2377 364 2448 1v,22;
378 2382 592 2455 den.xrr,15);
606 2382 636 2441 id
652 2388 706 2452 est,
718 2387 881 2445 moundum
891 2405 994 2446 cerne-
1046 2381 1146 2441 volens
1160 2383 1313 2441 ostendere
1327 2381 1398 2455 quie
1412 2396 1447 2439 ex
1460 2398 1519 2439 uno
1534 2385 1616 2454 petre
1634 2382 1665 2436 et
1685 2395 1720 2437 ex
1735 2396 1795 2437 une
1808 2395 1874 2437 me·

169 2464 228 2530 lem
243 2466 486 2528 cousuetudinem
501 2495 509 2540 3
523 2472 573 2543 pst
586 2474 820 2547 tubaliter-u,
835 2478 993 2537 secundom
1046 2476 1101 2545 tre,
1116 2477 1145 2530 et
1158 2489 1217 2530 uuo
1231 2470 1399 2540 concubitu,
1415 2471 1502 2528 umbo
1522 2469 1583 2526 neti
1602 2472 1696 2527 eunt:
1722 2469 1775 2526 sed
1799 2468 1875 2528 elter

167 2553 385 2628 promieetoecm
398 2557 474 2630 (335)
487 2575 495 2628 ;
511 2560 661 2635 quonium,
672 2563 844 2638 priusquem
860 2567 993 2640 concipe·
1046 2560 1178 2619 indebite
1186 2559 1373 2619 miseratione
1384 2559 1494 2617 electus
1506 2556 1645 2632 est,slter
1655 2571 1723 2614 vero
1731 2556 1876 2630 Justollei

170 2645 315 2700 retureut
324 2650 504 2716 nosceretur,
515 2647 542 2706 ei
553 2651 717 2722 promissus
726 2656 782 2712 eet.
795 2654 849 2711 Per
858 2653 913 2713 boe
923 2671 993 2731 ergo
1043 2650 1155 2724 jndicio
1169 2651 1351 2724 reprobetur.
1368 2649 1406 2706 Ut
1418 2647 1520 2706 nullus
1534 2647 1565 2704 in
1579 2663 1612 2704 eo
1626 2645 1746 2720 gloriari
1760 2662 1876 2718 presen-

171 2730 246 2791 duce
260 2730 396 2793 homines
404 2734 598 2810 designentur
610 2742 671 2798 tem
681 2741 833 2800 eredentes
843 2760 933 2817 quem
947 2744 993 2802 in·
1046 2743 1119 2809 met,
1142 2739 1193 2797 sed
1216 2739 1268 2813 qui
1292 2737 1445 2813 glorietur,
1469 2737 1500 2795 in
1527 2735 1650 2794 Domino
1677 2734 1821 2810 glorietur
1849 2738 1877 2807 (1

170 2817 283 2889 creduli
294 2838 302 2878 τ
312 2836 365 2895 per
373 2824 454 2881 tesso
465 2824 578 2885 sedicet
585 2827 697 2898 fideles,
704 2846 757 2904 per
764 2832 917 2890 ismaelem
926 2850 993 2893 vero
1051 2827 1115 2886 Cor·
1131 2845 1152 2900 1,
1168 2829 1224 2901 3¹l·

172 2906 315 2968 infideles.
1084 2918 1186 2992 Igitur,
1202 2934 1239 2976 ne
1253 2917 1327 2975 torte
1340 2915 1450 2990 uliquis
1465 2915 1593 2974 diceret:
1606 2912 1875 2988 presidebetllsue

209 2999 319 3070 lteque,
335 3002 368 3057 ut
382 3001 549 3061 ostenderet
562 3003 632 3076 qnid
647 3009 727 3065 esest
738 3006 769 3064 tn
782 3009 866 3068 huuc
879 3011 994 3068 meati-
1047 3007 1125 3066 bone
1138 3024 1227 3081 opere
1240 3006 1271 3065 iu
1284 3005 1386 3075 Jecob,
1401 3007 1526 3078 ideoque
1539 3003 1628 3077 elegit
1642 3019 1722 3073 eum,
1736 3001 1877 3061 similiter

171 3092 221 3145 terr
234 3087 285 3147 ort
296 3103 403 3159 umen,
418 3106 577 3165 exponens,
593 3095 721 3166 subjecit
734 3120 743 3152 ε
756 3098 793 3155 lul
807 3106 859 3167 cst,
873 3115 929 3157 eos
942 3101 995 3174 out
1049 3097 1128 3155 mule
1137 3096 1423 3170 indeeu,propterse
1434 3092 1674 3168 reproberiteum
1684 3109 1693 3161 ;
1703 3090 1876 3164 subjunxit:

170 3174 462 3251 perornaturus
470 3161 1032 3260 erunmuuqoefiurprsmoucsost
1051 3185 1120 3245 cem
1130 3187 1208 3244 euro
1217 3186 1347 3244 mooe
1355 3181 1878 3257 murome,oorauqouepom

171 3266 355 3325 mmm·
365 3268 441 3342 (336)
451 3271 610 3331 iumine.
621 3273 703 3341 Quod
714 3278 760 3333 eet
769 3281 868 3351 operte
877 3277 991 3337 dicere:
1052 3279 1192 3347 minut
1200 3275 1348 3347 mutilaret
1356 3272 1877 3345 secundmnetectionempropoettrue

172 3353 203 3411 bi
219 3353 405 3415 solummodo
419 3357 449 3414 in
466 3361 578 3417 semine
593 3362 786 3433 estimantur,
802 3366 898 3440 quiin
914 3367 995 3425 lseen
1047 3369 1106 3424 uec·
1114 3365 1257 3439 muneret)
1268 3362 1578 3435 menoperiteemed
1587 3379 1626 3418 eu
1638 3360 1876 3419 munledtuittn

173 3443 378 3518 promissionis
392 3445 674 3522 illiosignilioentur.
689 3452 880 3513 dtstimentur
894 3460 993 3514 eutem
1046 3461 1089 3512 est
1103 3456 1152 3513 ei:
1168 3455 1242 3525 Quia
1254 3455 1354 3526 moder
1363 3451 1592 3510 amterminum.
1605 3455 1636 3509 lu
1650 3448 1784 3508 nondum
1796 3447 1877 3506 nude

173 3531 204 3589 in
218 3531 432 3607 seminequie,
442 3534 541 3594 divine
553 3537 649 3612 gretie
661 3545 793 3613 vocente,
803 3541 834 3599 in
844 3543 994 3602 Christum
1048 3543 1130 3604 nulle
1143 3543 1218 3602 lldes
1232 3547 1284 3600 eut
1301 3558 1389 3616 opere
1403 3541 1565 3615 precedere
1578 3541 1749 3613 potuerunt,
1764 3537 1877 3611 qeibne

173 3624 363 3695 Wnssfflssfflf·
1049 3633 1122 3692 ulter
1135 3648 1237 3690 eornm
1252 3631 1418 3706 eligeretur,
1433 3629 1508 3688 ulter
1527 3643 1630 3687 eorum
1653 3627 1874 3702 reprobaretur.

210 3709 248 3771 Ut
261 3714 362 3771 eutem
376 3713 543 3773 ostenderet
561 3731 627 3788 qne
650 3720 729 3775 esest
750 3717 812 3779 ben
825 3721 995 3793 promissio,
1049 3721 1101 3778 llis
1111 3724 1209 3779 eutem
1219 3720 1316 3779 verbis
1327 3723 1426 3794 operte
1440 3718 1605 3778 usunditur
1614 3716 1685 3790 quie
1697 3732 1756 3774 nus
1770 3714 1876 3773 elwtin

175 3799 324 3861 subdidit:
335 3802 625 3863 Premtssloelsflelrre
635 3807 756 3864 uerbum
767 3808 889 3869 bosen:
898 3827 996 3870 swee-
1049 3811 1159 3885 pendet
1172 3826 1208 3868 ex
1222 3808 1383 3884 proposito,
1398 3808 1450 3865 esd
1465 3806 1648 3881 propositum
1666 3821 1703 3863 ex
1721 3803 1875 3862 ductione.

174 3891 995 3970 ummrmmoeerue,etsrr18oraeuueouoonro
1049 3898 1394 3973 Nonenimpropositum
1404 3893 1878 3966 electionemesdeleutiopreee·

174 3979 255 4038 llline
264 3980 322 4039 loci
332 3981 481 4052 meminit,
491 3982 542 4041 nbi
560 3982 741 4059 legiturqnie
750 3986 872 4046 meridie
882 3990 996 4048 sedenti
1049 3989 1093 4048 dit
1107 3989 1290 4063 propositum
1305 4005 1312 4056 ;
1341 3987 1420 4045 siout
1432 4002 1470 4043 ne
1481 3983 1655 4059 lustitloetio
1668 3980 1807 4057 gretiem,
1822 3980 1876 4040 esd

174 4071 298 4129 ebrehe
319 4071 375 4129 sub
395 4088 506 4145 quemn
529 4073 660 4133 ltembre
673 4075 752 4148 (Gen.
768 4094 848 4151 xrru,
865 4080 892 4148 1)
906 4095 996 4153 eppe·
1049 4078 1144 4153 gretie
1162 4075 1428 4149 justificetiouem3
1451 4074 1493 4130 ite
1518 4089 1577 4130 non
1600 4070 1713 4130 venetio
1738 4067 1879 4143 preoedlt

174 4164 299 4218 ruerunt
311 4166 371 4218 tres
385 4161 542 4235 eugeli,¹,in
562 4161 658 4237 ligure
671 4164 834 4233 Trinitatis,
849 4184 924 4240 quoe
947 4168 998 4227 ille
1049 4165 1232 4237 electionum,
1246 4166 1298 4222 sed
1313 4162 1415 4221 electio
1438 4161 1619 4220 vocetionorn
1633 4160 1719 4234 (340).
1743 4158 1808 4217 lion
1830 4161 1876 4217 te·

173 4247 301 4321 hospitio
315 4249 455 4322 suscepit,
470 4265 573 4309 eornm
588 4252 677 4324 pedes
690 4252 783 4322 levit;
802 4259 871 4328 poet
883 4272 995 4314 eomes·
1050 4271 1118 4313 rnen
1132 4269 1235 4312 omnes
1247 4252 1299 4326 qni
1310 4257 1453 4310 roemtur
1466 4249 1627 4325 eliguntur,
1635 4247 1787 4323 quonism,
1797 4246 1878 4306 siout

174 4335 283 4394 tionem
298 4339 398 4396 sutmn
411 4342 512 4397 rocem
525 4338 608 4410 Sere,
621 4340 696 4399 dixit
713 4342 871 4403 θοιιίιιιιει
885 4345 996 4404 Secun-
1049 4343 1193 4405 Dominus
1205 4343 1235 4400 in
1247 4341 1403 4416 drengelio
1412 4340 1485 4399 dicit
1495 4356 1504 4397 r
1514 4339 1598 4399 uelli
1606 4335 1877 4411 suetuoomtpwl

174 4425 246 4482 dum
261 4425 321 4489 bon
331 4431 449 4500 tempus
463 4428 590 4499 veniens,
605 4433 635 4489 et
654 4430 710 4487 erit
725 4435 801 4491 Sere
815 4432 895 4493 illiue
909 4435 995 4510 (337),
1049 4449 1113 4493 sero
1127 4428 1614 4506 curtillnttlt.xx,16).lteniieete
1628 4427 1730 4502 iteqne
1743 4424 1876 4485 ostendit

210 4515 268 4575 Sed
282 4532 319 4574 ne
333 4516 464 4575 erederet
477 4516 586 4591 eliquis
599 4535 712 4591 omnes,
728 4520 778 4593 qui
796 4538 832 4579 ex
845 4522 926 4581 lesse
940 4525 995 4582 orti
1011 4534 1036 4601 ῃ
1049 4521 1207 4597 Apostolus
1216 4521 1288 4594 quie
1296 4521 1374 4577 ment
1383 4517 1475 4576 nuliis
1487 4518 1551 4576 suis
1561 4515 1675 4574 meritis
1687 4512 1876 4590 precedenti·

174 4609 245 4665 eunt
259 4606 397 4665 estimeri
417 4605 447 4663 ln
469 4607 592 4676 semine,
608 4608 680 4683 quie
701 4608 836 4669 dixerut:
861 4613 895 4670 ln
916 4613 997 4673 lenus
1051 4613 1108 4671 bus
1121 4612 1294 4685 reprobetur
1303 4611 1359 4666 eet
1371 4608 1460 4675 decu,
1474 4607 1517 4664 its
1530 4605 1621 4664 nullis
1636 4604 1749 4664 meritis
1762 4617 1872 4679 prene-

173 4697 759 4773 muurtttteemeadsoeublungit:
772 4701 834 4759 Nou
843 4703 996 4761 solumne
1048 4699 1187 4759 dentibus
1211 4697 1321 4756 electus
1344 4699 1390 4754 est
1412 4696 1514 4753 Jecob.
1529 4693 1659 4754 uisum
1676 4693 1878 4769 propellerent

172 4793 229 4843 tres
243 4785 318 4859 (338)
342 4785 393 4845 sed
413 4793 444 4844 et
458 4785 589 4845 'Rstcoeu
601 4803 641 4845 en
653 4803 710 4845 ereo
723 4791 875 4849 somello
887 4794 997 4851 toton
1049 4789 1150 4866 ellque
1163 4789 1269 4847 merite
1277 4787 1386 4862 quibus
1395 4785 1485 4844 lecob
1499 4784 1665 4860 eligeretur,
1676 4782 1876 4858 precederent

171 4873 693 4948 emmeramensem:
707 4894 765 4937 non
775 4878 873 4937 solum
885 4879 916 4938 iu
926 4880 997 4939 tiliis
1049 4879 1153 4953 ntique
1167 4877 1278 4951 quibus
1292 4875 1497 4949 reproberetur
1509 4875 1597 4934 Eeeu.
1609 4873 1665 4933 Sed
1680 4872 1793 4931 meneit
1806 4878 1876 4946 p'ro‹

173 4963 290 5023 dnobus
300 4961 425 5021 ebreus
437 4961 502 5021 hes
513 4963 665 5023 distinctio
677 4965 755 5025 iente
765 4971 822 5036 eet,
839 4968 890 5027 esd
905 4969 995 5028 etiem
1049 4968 1179 5044 positum
1194 4965 1245 5025 Dei
1259 4963 1620 5036 seeundum-electionem,
1638 4961 1781 5038 quonism
1795 4959 1877 5020 siem

172 5053 306 5112 llebeooe
315 5053 391 5110 beno
404 5051 626 5112 distinctionem
641 5054 721 5128 tecit,
735 5054 848 5115 bnbene
862 5058 997 5132 geminos
1049 5056 1151 5115 electio
1159 5055 1250 5114 nullis
1263 5053 1496 5128 precedentibus
1510 5053 1624 5111 meritis
1635 5051 1813 5122 eelebrstnr,
1824 5064 1876 5109 eo·

207 5160 283 5234 (331)
297 5158 384 5234 Vulg.
401 5159 454 5243 qut
462 5174 474 5226 ,·
488 5160 542 5216 scd
580 5159 685 5218 stolis
704 5161 844 5221 lectiones
857 5178 926 5223 enm
940 5164 996 5224 beo
1084 5162 1161 5234 (339)
1174 5164 1280 5236 Autog.
1291 5177 1348 5218 noe
1360 5162 1467 5218 munti
1479 5162 1600 5218 tuntum
1611 5158 1717 5215 Mende
1726 5152 1801 5215 milri
1810 5156 1876 5215 viee

172 5236 275 5289 nostre
287 5234 485 5290 consentrunt.
1048 5239 1094 5292 cet
1107 5248 1141 5292 ex
1157 5250 1190 5291 eo
1212 5233 1289 5306 quod
1305 5233 1439 5306 sequitur
1452 5249 1459 5289 :
1473 5231 1519 5290 red
1531 5245 1610 5314 aeqos
1623 5231 1765 5289 ambobus.

296 5302 383 5377 Vulg.
399 5318 451 5373 per
464 5305 727 5391 rcproou'estoeem.
1084 5305 1210 5432 31οὲ151
1250 5310 1321 5361 ntur
1331 5304 1391 5362 bec
1403 5303 1527 5405 hisque
1539 5302 1619 5387 drote
1633 5306 1703 5388 sunt
1716 5299 1801 5359 lnltio
1815 5299 1876 5358 hu·

208 5303 995 5522 &sitsuccessurum
1045 5373 1880 5520 lueremus

173 5516 377 5586 temperetur.
1049 5523 1120 5577 eunt
1141 5517 1179 5576 sd
1199 5534 1263 5596 sep.
1278 5536 1342 5593 vsu,
1358 5519 1394 5579 ed
1414 5534 1450 5578 cs
1462 5517 1551 5583 verbe
1567 5520 1583 5578 τ’
1600 5517 1645 5576 tu
1658 5519 1707 5593 pet
1719 5514 1874 5604 amm

208 5586 283 5664 (338)
297 5586 385 5664 vulg.
399 5597 495 5649 cotem
508 5590 571 5650 illo.
1046 5591 1511 5668 propositumnoeuttsrurteesott.
