3908 6096
90 336 129 400 85
503 339 554 403 llll
575 336 793 402 suessonis
818 332 1141 401 uectuslnsrlcts.
1158 332 1312 396 -PARS
1333 329 1373 394 ll.
1754 324 1794 390 86

88 471 164 530 Sene
188 470 355 544 sciendum,
371 471 439 548 qnia
454 477 524 530 tuno
551 470 655 545 poterit
679 469 854 545 episcopalis
868 487 913 528 re·
927 471 956 539 A
970 471 1027 529 mei
1040 472 1071 528 ia
1085 472 1189 529 eunetis
1203 471 1340 529 mantibus
1353 474 1380 529 ei
1395 469 1423 527 iu
1439 468 1565 527 acherio
1578 464 1651 527 cotie
1663 466 1769 525 ceretu
1781 483 1793 525 .·

86 563 216 620 verentia
232 580 350 620 manere
364 565 475 620 sincera
498 566 526 619 et
540 561 662 630 illibata,
680 562 703 618 si
719 559 913 618 ordinationis

87 653 197 709 inerint
213 653 406 731 competentia
420 653 449 708 in
465 653 602 709 omnihus
614 653 683 723 Jura
699 655 821 708 servata.
838 651 912 707 Nam

87 742 136 816 qui
150 742 283 815 diligenti
295 743 505 799 examinatione
514 741 687 815 regulariter
695 741 781 797 luerit
791 740 911 808 electus,

84 847 138 904 pro
154 831 262 888 Christi
285 830 483 886 misericordia
508 831 665 901 credimus,
682 830 752 902 quia
776 829 838 885 suis
852 828 912 884 exi-

83 921 233 976 stentibus
248 918 339 991 culpis
352 920 399 974 vix
414 936 546 991 unquam
559 919 614 974 erit
624 920 763 990 deJectns.
776 919 830 974 Sed
843 917 912 990 quia

83 1007 246 1080 irreligiose
272 1008 432 1081 eliguntur,
447 1009 576 1064 inaniter
599 1009 782 1073 ordinantur,
796 1007 910 1062 inditio-

83 1102 180 1153 rcnter
207 1103 394 1166 accusantur,
423 1098 533 1170 injuste
559 1098 775 1169 opprimuntur,
802 1097 910 1168 perfide

82 1185 270 1256 dejiciuntur,
281 1186 438 1243 crudeliter
446 1188 532 1242 etiam
543 1186 700 1258 aliquando
716 1190 744 1240 ct
756 1191 908 1241 necantur.

82 1275 187 1330 Omnia
200 1278 298 1330 lamen
315 1294 379 1346 quie
390 1294 441 1348 pro
457 1275 508 1331 tali
523 1275 624 1331 illicita
639 1275 822 1331 ordinatione
834 1273 910 1330 mala

82 1364 228 1432 eveniunt,
245 1365 280 1419 ad
296 1365 459 1421 ordinantis
474 1365 620 1437 pertinere
636 1365 797 1437 periculum
815 1363 908 1418 ruani-

81 1453 191 1508 lestum
204 1458 257 1508 est.
272 1455 403 1526 Denique
416 1455 516 1510 tandiu
528 1455 732 1526 inquirendus,
745 1455 787 1509 vel
799 1453 907 1508 exami-

81 1542 197 1597 nandus
212 1544 319 1615 (i9lesl
335 1544 429 1614 quiad
447 1543 642 1616 pontificalem
655 1544 831 1616 provehatur
841 1559 908 1614 gra-

79 1631 164 1699 tiam,
181 1631 310 1703 quandiu
323 1632 389 1688 talis
407 1635 571 1688 inveniatur
584 1634 634 1705 qui
651 1650 702 1706 pro
717 1633 779 1687 suis
795 1631 907 1687 meritis

81 1720 170 1791 digne
184 1721 220 1775 ab
235 1722 372 1777 omnibus
395 1728 558 1793 veneretur,
575 1727 604 1777 et
629 1739 646 1776 a
670 1722 787 1778 nemine
798 1721 859 1791 jam
877 1721 906 1775 in

78 1814 231 1880 posterum
254 1816 409 1866 accusetur
422 1832 429 1880 3
444 1809 614 1882 nullamque
640 1813 704 1882 ejus
720 1814 822 1866 sancta
836 1826 905 1865 con-

968 567 1088 636 eisuper
1112 578 1220 620 omnem
1241 565 1341 633 [aciem
1369 571 1451 619 terrea
1474 561 1590 633 dispersi
1611 567 1677 617 auat
1698 573 1792 617 amase

966 655 1270 725 megarmitanae
1292 656 1352 709 erat
1376 655 1425 726 qui
1449 653 1610 725 requireret,
1638 665 1694 706 aaa
1719 653 1789 719 mat,

967 746 1090 816 iuquam,
1105 742 1154 815 qui
1176 745 1337 814 requireret.
1363 745 1519 814 Propterea,
1541 744 1673 812 posterea,
1697 740 1791 797 audite

966 833 1079 888 vertum
1093 834 1212 889 liamini.
1230 835 1299 889 Viva
1313 848 1369 904 eqo,
1381 833 1448 888 dicit
1457 832 1599 897 Dominus,
1610 831 1680 902 quia
1694 845 1744 902 pro
1759 843 1791 887 eo

966 923 1036 993 quod
1050 924 1118 993 sacti
1131 927 1198 978 sunt
1209 938 1305 993 prepes
1326 923 1381 977 mei
1395 924 1425 977 ia
1438 923 1582 994 rapinam,
1599 923 1625 975 et
1646 935 1706 976 oves
1720 933 1791 978 meoe

966 1014 996 1068 ia
1011 1013 1214 1069 deaurationem
1224 1013 1348 1068 amrium
1359 1011 1510 1067 bestiarum
1522 1012 1595 1080 apri,
1610 1025 1642 1065 eo
1655 1008 1791 1080 quedaoa

965 1104 1033 1156 esset
1046 1110 1140 1172 pastor
1153 1119 1163 1156 .·
1177 1101 1351 1171 nequeenim
1363 1099 1531 1170 quieciemat
1543 1100 1667 1168 posterea
1680 1111 1789 1168 prepara

964 1206 1075 1253 merum
1089 1190 1135 1245 sed
1155 1190 1301 1261 pascebant
1324 1196 1444 1260 pastores
1464 1188 1630 1257 semetipsas,
1646 1188 1671 1240 et
1695 1199 1790 1255 prepcc

963 1296 1037 1336 meos
1052 1296 1106 1334 aaa
1119 1280 1277 1350 pascebant.
1293 1280 1452 1350 Propterea,
1471 1282 1601 1347 pastores,
1616 1274 1711 1330 audite
1723 1290 1788 1330 oer-

964 1369 1028 1423 taru
1044 1370 1156 1425 Daririai
1179 1387 1189 1424 .·
1212 1371 1275 1425 llice
1298 1367 1363 1422 dicit
1387 1368 1518 1421 Dominus
1543 1364 1635 1420 Deus:
1649 1365 1715 1419 Erre
1740 1378 1788 1436 epo

964 1460 1022 1530 ipse
1035 1474 1119 1529 super
1131 1465 1254 1530 pastores
1269 1458 1408 1528 requiram
1423 1470 1534 1528 prepem
1547 1470 1639 1509 rreum
1653 1453 1686 1508 de
1700 1468 1787 1508 meaa

962 1563 1068 1616 eerraira,
1084 1556 1110 1603 et
1127 1564 1232 1602 cessure
1257 1563 1300 1602 eas
1323 1548 1436 1617 sumam,
1450 1552 1482 1599 ut
1502 1545 1576 1598 ultra
1597 1558 1653 1599 acu
1674 1549 1788 1613 pascant

961 1653 1081 1706 prepara,
1097 1653 1146 1692 aec
1158 1648 1274 1708 praecaria
1287 1636 1406 1706 amplius
1428 1642 1548 1706 pastores
1562 1634 1720 1704 semeipsos
1734 1649 1745 1685 .·
1759 1633 1787 1686 et

962 1725 1081 1780 liberata
1096 1742 1205 1796 prepara
1218 1741 1311 1779 maura
1330 1724 1364 1779 de
1377 1740 1425 1779 ora
1438 1739 1543 1788 earum,
1559 1727 1585 1777 et
1606 1737 1663 1776 aaa
1676 1723 1733 1777 erit
1747 1721 1788 1776 eis

960 1816 1036 1870 ultra
1051 1817 1079 1870 ia
1095 1831 1192 1871 escam.
1209 1816 1282 1884 Quia
1301 1815 1360 1871 huc
1373 1813 1441 1869 dicit
1465 1813 1595 1868 Dominus
1608 1813 1679 1867 Deus
1693 1829 1704 1865 .·
1719 1812 1787 1865 Ecce

79 1898 206 1981 versatio
221 1902 337 1972 turpem
354 1899 432 1956 ultra
455 1899 523 1955 oriri
539 1899 689 1971 permittat
703 1899 747 1956 vel
763 1899 907 1971 suspicio·
961 1920 1008 1975 epa
1023 1906 1081 1977 ipse
1103 1906 1243 1975 requiram
1266 1918 1326 1959 ouer
1349 1918 1434 1970 meas,
1449 1905 1476 1956 et
1495 1901 1613 1957 visitabo
1635 1915 1691 1956 eas.
1708 1897 1785 1955 sicat

79 2002 157 2042 nem.
171 1988 214 2043 lii
222 1987 300 2044 enim
309 1989 413 2045 beatus
425 1989 607 2063 Augustinus
620 2006 626 2044 :
639 2012 652 2038 «
663 1989 717 2055 Oui
728 1989 881 2045 Pastorum
893 2011 904 2039 i
961 1995 1055 2048 visitat
1067 1998 1159 2064 pastor
1181 2007 1290 2063 propera
1303 2007 1384 2045 saum
1398 1989 1429 2045 ia
1451 1989 1504 2055 die,
1521 1987 1629 2060 quanda
1650 1989 1736 2058 suerit
1756 1989 1789 2044 iri

79 2092 188 2132 nomen
214 2077 316 2132 andire
340 2078 441 2133 volant
462 2119 677 2134 ........
679 2134 682 2139 ,
701 2120 707 2132 .
729 2078 803 2146 [Non
823 2078 908 2132 dehet
960 2083 1161 2138 mediocrium
1175 2096 1290 2136 auarum
1305 2079 1502 2150 dissipaturum
1515 2094 1525 2131 .·
1540 2078 1580 2132 sic
1593 2077 1709 2133 visitabo
1726 2092 1788 2133 oues

80 2164 209 2221 ordinari
227 2167 277 2238 qui
291 2166 421 2240 legitime
436 2168 529 2236 possit
543 2167 685 2222 accusari.
697 2167 728 2222 Si
742 2183 820 2238 vcro,
831 2171 862 2222 ut
876 2167 906 2221 in

79 2253 189 2310 talibus
205 2256 282 2325 quod
299 2257 384 2327 pejus
395 2255 508 2311 evenire
524 2255 609 2322 solet,
620 2254 692 2312 lalsa
708 2256 743 2311 ah
758 2254 906 2327 aliquibus

79 2342 239 2415 vaniloquii
268 2345 456 2416 postmodnm
483 2344 618 2416 opinione
642 2344 808 2412 ventiletur,
838 2344 906 2417 ipsi]

80 2473 413 2489 .............
436 2432 555 2506 dignam
581 2434 747 2506 iniquitatis
768 2451 827 2489 suae
843 2451 905 2506 poe-

79 2537 147 2576 nam
166 2521 321 2593 patiantur.
339 2523 379 2578 De
394 2523 444 2579 illo
460 2526 557 2579 tamen
575 2523 615 2578 nil
630 2523 800 2579 indecorum
817 2527 905 2596 atque

60 2601 248 2681 'lsinistrum
272 2611 440 2667 ullomodo
461 2614 522 2683 iam
546 2612 623 2668 ultra
648 2613 805 2684 credatur]
829 2613 904 2676 Quo·

78 2700 166 2754 modo
182 2700 259 2755 enim
271 2699 361 2757 libere
376 2702 645 2775 pateritepiscopus
661 2702 817 2758 stultorum
828 2719 904 2758 arro·

961 2187 1047 2239 meas,
1063 2174 1090 2226 et
1104 2170 1225 2226 liberabo
1240 2186 1285 2225 eas
1298 2169 1332 2224 de
1354 2167 1483 2223 omaiias
1507 2167 1573 2222 locis
1587 2168 1617 2221 ia
1632 2165 1730 2236 quibus
1743 2165 1787 2220 di·

960 2274 1063 2331 spersae
1075 2260 1189 2328 fuerant
1210 2261 1240 2313 ia
1254 2258 1298 2313 die
1319 2259 1401 2313 aubis
1414 2264 1441 2311 et
1461 2255 1600 2326 calipiais.
1618 2255 1649 2309 Et
1672 2253 1787 2309 educam

961 2364 1007 2405 eas
1021 2348 1054 2404 de
1065 2350 1186 2420 populis,
1195 2353 1220 2404 et
1230 2347 1398 2417 conprepalra
1408 2361 1454 2402 eac
1464 2345 1497 2400 de
1506 2345 1600 2411 tenu,
1612 2352 1639 2400 et
1652 2343 1785 2399 iudaeam

959 2454 1005 2494 eas
1020 2440 1050 2493 in
1076 2447 1179 2493 terram
1201 2453 1280 2492 suam
1302 2456 1311 2491 .·
1336 2445 1361 2491 et
1383 2451 1496 2506 pascam
1518 2450 1567 2490 ear
1590 2435 1621 2488 iu
1644 2433 1785 2489 montibus

960 2528 1055 2593 lsrael,
1073 2529 1102 2582 ia
1117 2527 1193 2593 rivis,
1209 2535 1234 2582 et
1249 2528 1279 2580 iu
1293 2527 1400 2582 cuactr's
1414 2524 1521 2581 aeditus
1535 2524 1662 2579 terreis
1672 2522 1786 2594 pascuis

959 2617 1106 2672 charmis
1119 2632 1232 2688 pascam
1245 2631 1300 2682 eas,
1316 2618 1341 2671 et
1366 2617 1396 2670 ia
1410 2613 1550 2670 mentitus
1570 2612 1685 2668 scachis
1700 2611 1785 2667 lueet
1859 2676 1864 2680 .

958 2709 1021 2760 suat
1035 2722 1137 2777 pascua
1151 2722 1247 2762 eurum
1262 2724 1271 2761 :
1287 2705 1326 2759 ibi
1339 2706 1511 2775 requiescent
1531 2704 1560 2758 ia
1585 2701 1675 2758 hubis
1690 2702 1782 2756 uiuen-

74 2804 122 2844 res
149 2790 334 2863 redarguere,
351 2792 375 2845 si
401 2807 432 2847 se
448 2791 550 2848 timeat
571 2833 901 2848 ............
958 2795 1040 2866 titus,
1056 2804 1081 2851 er
1096 2798 1124 2850 ia
1138 2797 1248 2868 pascaris
1260 2795 1411 2866 pinpuibas
1423 2800 1570 2865 pascentur
1583 2805 1666 2864 super
1679 2799 1785 2848 montes

75 2918 231 2934 ......
253 2879 400 2952 impediri.
417 2881 529 2936 Saniori
552 2884 728 2954 quapropter
743 2881 783 2935 uti
800 2896 903 2936 conve·
958 2885 1055 2939 lsrael.
1072 2885 1127 2956 lipo
1148 2901 1259 2956 pascam
1282 2899 1344 2939 ares
1365 2897 1450 2950 meas,
1467 2891 1556 2950 clepo
1580 2896 1625 2936 eas
1650 2879 1785 2936 accubare

73 2967 119 3022 nit
135 2968 269 3037 consilio,
285 2973 313 3024 et
328 2969 370 3025 sic
381 2969 590 3042 omnipotentis
602 2975 700 3026 secuta
718 2987 774 3025 non
791 2973 835 3024 est
846 2970 902 3042 (50)
957 2975 1076 3044 samam,
1090 2973 1159 3029 dicit
1173 2974 1305 3029 Dominus
1318 2977 1398 3028 Deras.
1407 2970 1484 3040 Quod
1491 2969 1782 3042 perieratpeqairam,

71 3056 220 3125 voluntas,
238 3063 268 3113 ut
289 3058 313 3115 ei
341 3059 646 3130 piaMajestas*acta
671 3063 772 3114 nostra
795 3059 904 3130 dirigat
958 3065 983 3116 et
998 3061 1070 3134 quad
1083 3063 1218 3134 abjectum
1234 3071 1304 3128 erat,
1316 3060 1509 3116 recuamser
1524 3057 1597 3129 quod
1610 3061 1783 3129 confractum

74 3144 223 3201 universa.
240 3147 312 3217 Ejus
328 3148 352 3202 si
368 3149 423 3202 rite
439 3163 632 3219 assequamur
655 3147 817 3212 servitium,
834 3163 902 3201 nos·
957 3152 1058 3220 suerat,
1075 3151 1214 3218 alligabo:
1230 3158 1255 3205 et
1268 3148 1337 3221 pund
1352 3149 1496 3218 infirraura
1511 3145 1783 3214 erut,coasotidalo.·

72 3237 125 3288 trae
141 3251 258 3306 qnoque
268 3235 374 3290 salutis
389 3235 452 3307 ipse
463 3234 591 3306 perficiet
606 3240 727 3290 statum.
741 3239 824 3290 Decet
835 3219 939 3306 ergoC
959 3241 984 3293 et
1013 3238 1082 3310 quod
1104 3241 1205 3308 piaque
1231 3244 1257 3294 et
1278 3237 1387 3308 sarlius,
1412 3234 1561 3290 custodiam
1589 3252 1599 3290 :
1627 3241 1653 3291 rt
1671 3248 1784 3306 pascam

71 3328 177 3378 utnec
198 3323 308 3392 indigni
337 3323 519 3392 ordinentur,
537 3339 588 3378 nec
612 3322 737 3379 ordinati
753 3328 902 3380 vexentur.
958 3326 1283 3398 itiasiajurtieia.Quid
1310 3324 1597 3397 roga‚estDens,ut
1619 3323 1782 3396 nequead

72 3410 215 3481 'l'alisqus
224 3412 279 3482 (51)
288 3411 536 3484 ordinandus,qui
543 3413 605 3482 jam
618 3413 646 3467 in
659 3416 832 3484 perpetuum
844 3429 902 3467 non
956 3416 1055 3488 ipsum
1065 3415 1227 3487 specialiter
1236 3414 1382 3486 pertinent
1391 3412 1783 3470 nostrisaudeamususibus

72 3500 111 3555 sit
135 3500 297 3565 vexandus,
315 3501 364 3554 sed
386 3517 452 3554 cum
477 3501 587 3573 ingenti
604 3500 712 3556 honore
736 3501 900 3571 habendae,
957 3509 1132 3576 retorquere,
1149 3509 1177 3560 et
1192 3520 1258 3575 quae
1274 3503 1336 3559 suis
1348 3503 1433 3574 jubet
1456 3502 1639 3559 committere
1654 3501 1782 3575 dilectis,

72 3593 100 3643 et
116 3604 235 3642 summa
246 3587 399 3660 diligentia
413 3588 623 3645 observandus.
636 3589 901 3657 uratiaabsirpau-
955 3593 1109 3649 nostrisne
1119 3593 1277 3648 timeamus
1287 3591 1543 3648 tribuereasseclis
1552 3590 1567 3645 ‘i
1577 3591 1715 3665 Nunquid
1728 3607 1782 3648 nos

71 3693 136 3732 enm
150 3676 255 3732 merita
274 3677 443 3733 decernant.
460 3677 513 3742 Qui
538 3678 614 3733 enim
632 3694 720 3751 quem
746 3678 842 3752 diligit
855 3679 899 3733 in·
955 3683 1063 3754 pariter
1079 3686 1107 3737 et
1122 3682 1202 3753 ipsos
1218 3698 1284 3736 cum
1300 3679 1425 3737 voluerit
1443 3679 1591 3752 perpetuis
1606 3680 1713 3751 poterit
1727 3678 1782 3736 im·

12 3792 18 3811 ·
66 3764 149 3836 juste
163 3765 276 3836 {viderit
300 3767 467 3837 prelatum,
483 3771 553 3822 tunc
571 3769 634 3839 jam
658 3767 757 3840 lugeat
781 3783 901 3824 necesse
954 3772 1063 3843 plicare
1078 3770 1198 3826 ruinie‘l
1212 3771 1274 3826 Non
1290 3769 1367 3825 enim
1379 3786 1442 3841 que
1459 3769 1544 3825 nobis
1559 3768 1704 3825 delectent
1718 3768 1780 3826 heo

69 3859 116 3909 est
131 3858 163 3908 ut
176 3853 331 3926 dejectum.
348 3855 394 3910 Sic
410 3858 455 3911 est
476 3857 554 3911 enim
571 3856 621 3928 qui
637 3855 756 3928 indigne
772 3856 899 3928 aliquem
954 3876 1050 3930 agere,
1067 3860 1117 3914 sed
1133 3876 1197 3930 qua
1218 3876 1234 3914 a
1249 3859 1306 3914 Deo
1326 3859 1472 3929 jubentur
1494 3858 1640 3915 custodire
1655 3861 1778 3927 oportet.
1826 3874 1829 3879 ·

70 3941 232 4000 sublimare
245 3942 456 4016 laborat,quasi
469 3943 517 4016 qui
530 3944 564 3999 ad
577 3943 816 4015 altiusprotrahit
826 3961 899 4016 prae·
953 3947 1009 4001 Noc
1025 3948 1246 4002 consideremus
1262 3948 1338 4017 quod
1356 3945 1539 4017 sintaspera,
1555 3947 1606 4001 sed
1622 3946 1720 4017 potius
1735 3947 1780 4002 in·

69 4030 219 4102 cipitium,
246 4037 278 4088 nt
303 4032 371 4088 inde
398 4033 527 4089 deterius
551 4034 748 4105 demergatur.
766 4033 848 4088 Unde
872 4037 900 4087 et
954 4035 1110 4089 tendamus
1126 4034 1333 4104 quodomnino
1348 4032 1612 4089 sintohservanda.
1626 4028 1779 4090 Nemeum

70 4120 214 4176 Dominus
238 4123 274 4176 ad
299 4121 476 4178 Ezechielem
503 4122 642 4194 loquitur,
666 4123 766 4177 dicens
792 4123 897 4191 (Bacch.
953 4124 1062 4178 diceret
1079 4123 1219 4178 Dominus
1238 4123 1272 4176 ad
1289 4122 1437 4177 Abraham
1455 4138 1461 4176 :
1480 4122 1534 4177 lixi
1545 4122 1582 4178 de
1597 4125 1672 4178 terra
1686 4126 1782 4195 tanet

69 4227 168 4277 xxxiv,
183 4212 210 4282 2)
225 4229 231 4265 τ
250 4213 305 4267 Fili
319 4212 436 4267 iraruiais
448 4213 579 4284 propheta
595 4213 627 4267 ile
640 4212 795 4284 pastoribus
802 4212 897 4279 lsrael,
952 4211 984 4266 dc
998 4213 1158 4281 reparatione
1173 4220 1219 4267 tua
1229 4228 1240 4273 ,·
1255 4215 1281 4267 et
1294 4211 1361 4266 vade
1384 4213 1415 4266 ia
1428 4215 1532 4267 terram
1546 4199 1629 4284 quam
1643 4215 1780 4269 mautra-

67 4299 202 4372 propheta
227 4309 253 4357 et
274 4303 346 4358 ilices
369 4304 527 4372 pastoribus
552 4321 561 4356 :
591 4304 653 4356 llaec
675 4303 743 4356 dicit
767 4303 899 4356 Dominus
951 4317 1014 4356 uera
1028 4302 1082 4356 riti
1096 4301 1201 4372 (Genea.
1218 4318 1267 4372 au,
1285 4301 1321 4355 lt.
1336 4298 1481 4356 Mulcehat
1496 4300 1642 4357 Abraham
1656 4317 1777 4358 surarum

71 4391 142 4445 Deus
158 4408 168 4444 .·
187 4395 231 4447 Vae
246 4391 403 4462 pastoribus
417 4392 502 4446 lsrael
512 4392 561 4463 qui
572 4391 720 4462 pascerent
731 4392 897 4460 serudipsm.
952 4390 1092 4457 suavitas,
1109 4391 1159 4446 sed
1190 4389 1306 4462 imperii
1333 4388 1468 4455 caelestis,
1485 4393 1514 4444 et
1536 4389 1780 4448 remunerationis

69 4480 164 4536 Nonne
177 4497 271 4552 crepes
291 4468 442 4552 pascantur
464 4497 480 4535 a
492 4480 670 4552 pastoribus?
684 4480 730 4534 lae
743 4479 898 4534 coairdeta-
952 4483 1065 4534 aeterne
1080 4479 1351 4535 consideratioeum
1367 4476 1495 4550 amplius
1506 4479 1640 4534 movebat
1652 4496 1659 4535 :
1670 4479 1778 4536 immu·
1820 4503 1823 4507 ’

68 4570 115 4628 tis.
130 4578 156 4625 et
173 4571 248 4624 tanis
262 4569 471 4640 operiebamini,
487 4578 514 4624 et
528 4573 598 4639 qaod
609 4584 735 4623 massam
750 4573 810 4623 erat
826 4571 897 4623 oeci·
914 4590 937 4654 D
953 4569 1008 4623 tari
1025 4572 1201 4641 quaprapter
1211 4568 1240 4623 in
1257 4566 1464 4624 meliusmalas
1479 4567 1615 4622 convenit
1624 4574 1779 4625 consuetu·

70 4658 179 4713 deictis
188 4676 199 4720 ,¹
208 4675 315 4731 precem
329 4667 419 4714 caure
429 4673 485 4714 aaa
492 4657 656 4729 pascebatis.
668 4657 747 4728 Quod
758 4658 900 4728 infirmum

69 4750 173 4818 fuerat,
189 4764 247 4803 aaa
268 4747 466 4814 consolidastis,
481 4751 506 4802 et
530 4746 600 4819 qued
624 4757 767 4818 aprorum,
784 4763 840 4802 aaa
854 4763 898 4802 sa-

72 4838 182 4898 nastis;
206 4836 275 4909 quart
300 4839 418 4907 fractura
441 4841 491 4904 eat,
516 4853 570 4892 aare
594 4835 750 4905 alligastis:
776 4840 801 4891 et
830 4836 899 4908 quod

73 4926 211 4993 abjectum
239 4935 288 4994 est,
312 4943 368 4981 aaa
400 4926 549 4982 reclusistis
572 4944 581 4980 .·
606 4925 675 4998 quoii
696 4927 818 4997 perierat
843 4942 898 4981 rica

70 5017 221 5088 queraris,
237 5017 283 5072 sed
297 5033 361 5071 crim
376 5019 535 5071 austeritate
550 5015 726 5088 imperabatis
738 5017 786 5081 eis,
797 5020 822 5070 et
835 5032 898 5071 cum

66 5108 214 5178 pateatiu;
230 5111 256 5161 et
279 5105 411 5177 dispersa?
433 5108 497 5159 errat
522 5120 581 5160 aces
607 5119 686 5171 mea,
703 5120 734 5161 eo
749 5103 819 5175 quod
841 5121 897 5161 aaa

68 5200 135 5252 esset
150 5199 257 5266 pastor,
273 5199 299 5250 et
318 5197 477 5266 factasunt
501 5194 531 5245 ia
554 5193 759 5250 dassaretiorum
773 5195 897 5248 earnium

71 5287 223 5342 bestiarum
237 5284 314 5354 apri,
329 5289 355 5339 et
376 5283 506 5356 dispersae
520 5291 593 5337 aaut.
608 5286 781 5338 Errauerurrt
804 5298 897 5354 prepes

105 5427 164 5508 liti)
184 5425 401 5482 examinandas.
428 5425 474 5480 Sic
499 5424 589 5479 codex
614 5423 699 5480 Resb.
724 5426 893 5481 emendate:

71 5515 153 5573 prior
167 5499 266 5566 editio,
283 5497 567 5560 excommunicandus,
583 5501 729 5566 corrupte.

109 5571 166 5642 (50)
183 5569 287 5626 Secuta
313 5586 366 5625 racav
391 5573 437 5624 ast.
456 5569 547 5623 Locus
573 5566 619 5620 uic
646 5584 716 5620 sanc
739 5573 895 5640 corruptus

70 5647 116 5701 eat
132 5642 279 5715 :conjicio
297 5640 355 5714 legi
381 5643 522 5712 oportere,
539 5637 677 5712 sequenda
701 5639 778 5695 uotis
802 5649 850 5711 est,
867 5645 895 5696 ct

955 4658 1049 4726 dines,
1064 4663 1092 4714 et
1107 4659 1313 4730 unusquisque
1328 4672 1415 4711 suum
1430 4654 1628 4712 ministerium
1654 4655 1778 4715 sollicite

954 4748 1110 4816 custodiat,
1128 4764 1180 4803 nec
1204 4747 1333 4802 alienum
1356 4762 1498 4817 usurpare
1521 4744 1665 4805 intendat.
1675 4746 1778 4804 Clerici

954 4837 1088 4892 militiam
1101 4853 1158 4891 non
1177 4839 1339 4904 exerceant,
1359 4850 1410 4890 nec
1425 4832 1542 4908 publica
1555 4835 1707 4910 vectigalia
1717 4837 1777 4894 exi-

953 4930 1033 4999 gant,
1050 4931 1078 4981 et
1094 4927 1178 4980 lenus
1194 4923 1276 4979 nullo
1293 4924 1379 4980 modo
1390 4927 1595 4996 exsequantur.
1612 4925 1689 4982 Laici
1704 4940 1777 4996 quo·

953 5031 1010 5087 que
1023 5015 1227 5086 cujuscunque
1243 5012 1303 5068 sint
1317 5012 1430 5068 ordinis
1449 5012 1493 5068 vel
1510 5011 1671 5086 dignitatis,
1687 5010 1777 5068 eccle·

952 5099 1778 5174 siasticarumrerumdominationemveldispensaticnem

952 5193 1080 5264 arripere
1091 5208 1147 5247 non
1159 5195 1352 5266 presumant:
1361 5207 1412 5247 nec
1423 5189 1550 5263 aliquem
1562 5190 1592 5244 in
1603 5186 1774 5247 clericorum

951 5282 1042 5355 gradu
1065 5280 1256 5337 constitutum
1278 5280 1411 5351 judicare
1435 5283 1485 5335 aut
1499 5291 1600 5334 vexare
1623 5280 1775 5349 conentur,

949 5443 1001 5498 pro
1017 5428 1062 5497 pia
1077 5427 1214 5498 majestas,
1232 5423 1295 5496 lego
1307 5427 1404 5494 pietas.
1522 5490 1526 5500 Ι
1544 5489 1549 5501 ,
1628 5492 1631 5499 Ι

948 5500 1043 5625 impin)
1060 5499 1193 5568 latisque.
1211 5497 1257 5551 Sic
1271 5497 1359 5551 codex
1379 5491 1465 5546 Raab.
1482 5490 1563 5562 editi,
1578 5492 1645 5548 talis
1660 5507 1773 5563 queam.
