3908 6096
86 361 88 365 Α
125 297 184 361 tte
406 297 614 361 nxeostvlo
635 298 682 369 lii,
698 299 913 367 unitiones
933 299 1066 374 Pdflirl.
1080 331 1119 345 ·-
1133 300 1179 364 ln·
1194 298 1320 365 DPISR.
1342 297 1395 359 AD
1415 295 1534 359 HDDR.
1762 293 1824 359 ‘lii

126 429 236 505 quippe
246 430 425 504 sanguinem
440 430 547 488 christi
562 429 767 504 polluunt,qai
781 432 948 491 hereticam
962 431 989 501 Α
1004 434 1153 500 docens,et
1166 431 1232 490 aliis
1242 429 1418 490 testimoniis
1430 426 1824 501 amplianda-ammantat

125 519 290 577 doctrinam
305 518 335 576 in
350 536 382 576 se
397 520 582 593 rccipiunt,et
598 521 948 594 conchristiperpecca·
1003 523 1105 579 dicens
1120 523 1312 578 metuendum
1328 536 1393 577 esse
1422 518 1550 576 incidere
1577 516 1608 573 in
1638 533 1742 575 manus
1772 518 1823 576 Dei

125 613 156 667 ta
171 625 274 665 eorum
289 609 438 666 Christum
454 609 489 666 de
503 625 534 666 se
556 609 687 682 ejiciunt,
713 611 834 683 Spiritui
849 612 949 683 gratia
1003 610 1260 682 viventis,proinda
1274 628 1311 666 ne
1325 608 1419 666 multo
1432 607 1747 679 timoredesperentem
1757 608 1819 664 ani·

124 697 334 754 contumeliam
360 698 470 753 iaciunt
494 698 545 770 qui
578 716 635 755 uon
668 700 790 755 credunt
817 700 895 772 quod
919 701 949 756 in
1004 719 1083 759 mam
1100 699 1249 756 absorberi
1264 695 1608 765 laceretconsolatureos
1622 696 1824 769 perlaudeset

124 785 254 843 Ecclesia
269 787 303 841 lit
317 785 451 843 remissio
470 793 657 860 peccatorum
677 806 683 845 :
700 790 853 845 utdictum
879 793 947 845 est:
1004 790 1161 854 orationes,
1176 791 1205 843 et
1219 786 1450 844 immolationem
1466 785 1656 843 domesticam
1681 785 1706 840 ei
1724 785 1822 857 prole-

125 875 211 939 «Qui
227 876 256 930 in
272 875 380 943 Spiritu
394 881 496 931 sancto
511 875 767 949 blasphemaverit,
780 895 837 936 non
851 878 949 934 remit·
1004 895 1127 936 ranst«
1156 876 1414 944 Rememoramini,
1443 874 1551 946 inquit,
1581 873 1720 946 pristinos
1748 874 1821 942 dies,

126 966 208 1018 tetur
236 962 273 1032 ei,
290 963 499 1034 nequeinhoo
522 964 640 1031 asculo,
670 983 764 1039 nequa
793 968 823 1023 in
851 966 949 1023 futuro
1003 969 1034 1025 in
1063 967 1171 1040 quihus
1199 965 1356 1022 illuminati
1389 979 1530 1037 magnum
1558 968 1706 1021 certunm
1733 963 1823 1020 susti·

127 1052 207 1123 (tac.
223 1068 274 1107 sn.
292 1051 344 1120 19,
360 1051 452 1108 llattb.
468 1070 519 1116 ιιι,
536 1054 589 1121 32;
604 1055 690 1111 llere.
708 1073 750 1123 111,
766 1057 840 1129 29).»
856 1055 950 1128 siqui·
1003 1057 1120 1113 nuistis.
1138 1077 1152 1107 a
1166 1057 1205 1112 Aa
1220 1055 1245 1111 si
1260 1055 1390 1110 diceret:
1409 1053 1547 1125 quoniam
1566 1052 1724 1108 introducti
1739 1052 1821 1121 estis,

129 1141 196 1198 dem
212 1144 240 1196 et
250 1138 299 1195 ille
313 1140 438 1216 Spiritui
450 1142 549 1214 gratie
574 1145 783 1201 contumeliam
813 1145 882 1201 lacit
897 1145 949 1217 qui
1003 1145 1053 1218 qui
1065 1162 1122 1201 non
1132 1139 1822 1214 inordinediscipulorumeratis,tantamalaori-

125 1228 204 1301 quod
217 1227 266 1283 ille
281 1229 393 1299 tribuit,
410 1247 467 1286 non
480 1237 603 1288 exercet.
616 1233 669 1297 Qui
684 1234 762 1288 enim
774 1233 948 1289 beneficium
1003 1239 1092 1292 tatem
1100 1230 1435 1297 demonstratis,tantam
1442 1229 1642 1285 tortitudinem
1659 1247 1666 1296 ;
1683 1246 1762 1286 nune
1772 1246 1823 1303 pes

126 1334 185 1374 noa
201 1316 334 1389 suscipit,
363 1318 486 1389 inJuriat
513 1320 587 1377 bena
612 1321 776 1378 facientem.
814 1323 894 1378 Fecit
921 1326 949 1378 te
1003 1322 1276 1381 rememorationem
1292 1335 1361 1391 rogo
1377 1317 1453 1375 utin
1480 1318 1545 1390 ipsa
1573 1318 1773 1390 perseveretis,
1790 1321 1823 1375 ut

124 1405 233 1462 fllium:
245 1409 278 1461 tu
293 1410 391 1462 autem
402 1406 515 1464 visfieri
530 1403 632 1472 servus
645 1411 659 1465 ‘l
673 1410 759 1465 Venit
767 1411 801 1466 ad
811 1410 947 1467 habitan·
1003 1409 1232 1485 perdurantesin
1245 1406 1496 1477 tribulationibus,
1506 1406 1747 1478 possitisalteutui
1758 1423 1822 1471 asse

124 1494 197 1551 dum
213 1494 291 1566 apud
306 1498 380 1561 te;tu
396 1499 494 1552 autem
510 1497 633 1554 adducis
647 1497 672 1553 ei
688 1498 879 1571 cogitationes
890 1515 949 1555 ma·
993 1488 1171 1571 'uuicuique
1188 1497 1296 1554 Dividit
1311 1495 1435 1575 qualiter
1449 1494 1613 1552 sustineant
1633 1496 1820 1566 tentationes,

122 1582 220 1655 liguas
234 1583 248 1638 ‘l
263 1582 397 1641 Christus
411 1583 473 1640 vult
493 1583 612 1642 solidari
639 1588 716 1658 apud
733 1592 760 1642 te
777 1605 783 1655 ;
800 1592 832 1643 tu
848 1591 947 1644 autem
1003 1607 1054 1646 seu
1070 1588 1240 1654 certamina,
1256 1588 1333 1659 quod
1350 1589 1393 1641 est
1407 1583 1821 1641 maximustituluslaudum.

123 1688 191 1729 eurn
211 1671 366 1728 conculcas
381 1687 433 1744 per
447 1673 610 1745 crapulam,
627 1691 679 1746 per
693 1675 874 1733 ebrietatem.
889 1680 947 1732 Au·
1002 1678 1111 1735 Deinde
1126 1676 1296 1749 exsequitur
1312 1674 1482 1731 minutatim
1510 1673 1638 1730 dilatans
1657 1689 1822 1731 sermonem

123 1760 243 1819 diamus
273 1761 324 1832 qui
356 1761 476 1834 indigne
504 1768 689 1820 sacramenta
725 1765 1101 1865 participamus.Bsuum,
1116 1771 1145 1823 et
1159 1765 1260 1822 laudes
1275 1763 1419 1836 plurimas
1432 1762 1733 1835 profereus.0umodo
1748 1762 1823 1820 hosi

123 1850 289 1906 Audiamus
300 1849 351 1921 qui
364 1849 485 1923 indigue
496 1850 532 1906 ad
545 1850 764 1909 mensamillam
781 1852 947 1909 accedimus
1003 1879 1018 1910 a
1033 1857 1117 1913 Nune
1132 1855 1263 1927 quidem,
1279 1851 1384 1925 inquit,
1408 1851 1573 1923 opprobriis
1602 1854 1630 1907 et
1653 1850 1824 1908 tribulatio-

121 1938 193 2012 quid
209 1942 372 2009 sequatur:
1003 1947 1090 2003 nibus
1104 1941 1304 2017 spectaculum
1320 1942 1399 1998 tacti.
1417 1965 1427 1991 ι
1446 1940 1548 1997 Gravia
1566 1940 1673 2012 quippe
1701 1955 1749 1996 res
1776 1943 1823 1994 est
1900 1934 1905 1949 ”

161 2026 308 2084 «Scimus
323 2027 402 2082 enim
418 2026 489 2100 quid
509 2027 604 2085 dixit:
622 2029 693 2084 Mihi
722 2029 895 2102 vindictam,
918 2035 948 2087 et
1002 2033 1234 2108 approbrium‚et
1247 2030 1394 2088 idoneaad
1403 2029 1532 2087 animam
1541 2028 1781 2098 subvertendam,
1793 2031 1822 2084 et

122 2131 176 2194 ago
189 2115 363 2172 retribuam.
380 2116 413 2171 Et
421 2116 528 2172 iterum
543 2134 550 2173 :
567 2120 637 2189 quia
648 2118 791 2190 judicabit
806 2120 947 2177 Dominus
1002 2125 1037 2181 ad
1054 2122 1253 2180 exsecandam
1269 2123 1485 2177 mentemdtam
1492 2116 1562 2175 audi
1577 2118 1655 2189 qnod
1671 2117 1744 2174 dixit
1753 2118 1823 2174 Pro·

121 2203 264 2278 populum
279 2221 369 2261 suum
385 2205 475 2277 (Dect.
492 2207 874 2277 xxxr1,35;licrii.¹xxxv1n,
891 2210 943 2282 ll.»
1001 2213 1089 2286 pheta
1106 2229 1113 2270 :
1133 2211 1234 2267 «Cum
1249 2209 1351 2266 dieunt
1375 2206 1448 2265 mihi
1476 2207 1582 2278 iuquit.
1613 2222 1665 2279 par
1689 2205 1823 2278 singulos

122 2292 164 2350 De
177 2291 306 2349 inimicis
319 2292 375 2349 hoc
390 2293 503 2349 dictum
523 2299 577 2362 est,
592 2295 642 2366 qni
661 2294 738 2353 male
753 2297 874 2365 iaciunt,
888 2314 947 2354 nou
1001 2301 1065 2358 dies
1083 2317 1089 2358 :
1108 2299 1161 2356 Ubi
1176 2304 1222 2356 est
1235 2299 1313 2356 Deus
1327 2301 1397 2353 tuus
1411 2297 1426 2353 ‘l
1441 2317 1455 2350 s
1471 2297 1559 2368 (Paul.
1587 2312 1644 2361 xm,
1660 2296 1699 2364 t.)
1720 2295 1755 2352 lit
1769 2295 1822 2351 ite·

123 2383 160 2441 de
175 2383 232 2451 bis,
248 2383 299 2455 qui
312 2381 389 2440 male
403 2383 723 2456 patiuntur.llicsutem
738 2392 767 2443 et
780 2387 948 2445 consolatur
1002 2407 1068 2448 rum
1085 2408 1091 2446 :
1112 2387 1168 2444 «si
1181 2387 1320 2444 inimicus
1335 2387 1523 2458 exprobraret
1545 2383 1630 2450 mihi,
1645 2382 1824 2441 sustinerem

123 2488 185 2543 ees,
202 2471 301 2529 dicens
316 2488 324 2527 :
342 2495 356 2522 a
373 2472 432 2544 ligo
443 2472 613 2530 retribuam,
627 2497 641 2525 a
657 2479 813 2532 Permanet
827 2477 905 2534 enim
916 2477 947 2533 in
1000 2478 1121 2551 (1439).·
1139 2477 1283 2543 Quoniam
1296 2476 1527 2547 valdaappetens
1541 2473 1715 2545 estgloriam
1729 2489 1824 2546 genus

123 2561 337 2633 sempiternum
353 2561 441 2628 Deua,
453 2566 481 2617 et
492 2562 564 2618 vivit
579 2579 586 2618 :
603 2563 788 2635 proindeetsi
800 2582 879 2622 nunc
889 2583 948 2624 non
1001 2570 1187 2626 bumannum
1198 2570 1350 2639 propterea
1359 2562 1619 2636 etiamopprobriis
1629 2561 1714 2619 facile
1727 2563 1821 2636 cspti·

124 2649 385 2723 recipiunt,postca
399 2652 543 2723 recepturi
553 2652 705 2710 suntlllos
716 2658 831 2727 oportet
841 2671 947 2729 oonga·
1000 2661 1094 2714 vatur.
1111 2657 1146 2712 lit
1174 2672 1232 2711 non
1261 2653 1434 2726 simpliciter
1461 2652 1545 2720 dixit,
1572 2650 1747 2724 opprobriis,
1770 2652 1822 2708 sad

124 2739 260 2809 miscere,
277 2756 334 2795 non
350 2756 415 2797 nos.
430 2740 489 2797 Nos
505 2740 584 2797 enim
604 2743 633 2798 in
650 2742 769 2799 illorum
788 2743 947 2802 incidimus
1001 2747 1091 2805 stiam
1101 2745 1148 2801 hio
1161 2748 1353 2817 augmentum
1369 2740 1552 2808 fecitdinens
1565 2757 1571 2797 :
1586 2738 1822 2812 etspeetaeulum

128 2844 238 2885 manus
255 2846 262 2896 ;
279 2827 434 2886 illiautem
463 2829 493 2885 in
522 2847 629 2888 manus
652 2832 712 2889 Dei.
742 2833 842 2904 Neque
868 2836 946 2892 enim
1002 2835 1079 2893 lacti.
1096 2830 1470 2901 Camenimquisseoreto
1495 2828 1696 2902 exprobratur,
1713 2828 1822 2885 contri-

128 2917 180 2990 qui
205 2918 324 2990 patitur,
363 2917 483 2991 aliquod
512 2919 624 2976 malum
654 2921 774 2992 patitur,
817 2923 867 2979 sed
896 2924 947 2995 qui
1002 2929 1097 2983 statur
1112 2922 1231 2995 quidem
1261 2920 1311 2975 sed
1342 2917 1435 2975 multo
1463 2915 1602 2990 emplius,
1631 2932 1699 2972 cum
1723 2932 1822 2973 coram

124 3005 204 3063 facit·
1003 3011 1327 3081 omuibus;quantum
1344 3011 1408 3063 erat
1438 3005 1561 3072 malum,
1590 3005 1825 3062 discedentesab

161 3117 176 3146 «
192 3095 563 3152 Horrendumestincidere
574 3098 604 3152 in
616 3113 722 3154 manus
733 3099 784 3155 Dei
794 3099 946 3157 viventis.»
1003 3100 1174 3160 infirmitate
1188 3097 1348 3154 iudaicaet
1362 3096 1398 3151 ad
1409 3095 1552 3166 optimam
1565 3093 1655 3150 vitam
1670 3097 1825 3151 transenn-

125 3184 263 3242 lncidunt
276 3184 305 3241 in
322 3201 429 3241 manus
446 3184 572 3255 Domini,
589 3185 638 3257 qui
663 3187 778 3257 judicia
793 3188 947 3246 bominum
963 3164 987 3233 c
1003 3197 1059 3257 tes,
1074 3195 1104 3246 et
1119 3195 1255 3261 paternas
1269 3184 1442 3242 traditiones
1469 3187 1700 3250 contemnentes,
1729 3186 1762 3238 ut
1788 3184 1824 3239 ab

124 3275 392 3329 contremiscentes.
409 3271 521 3344 judicia
535 3272 586 3329 Dei
606 3274 833 3347 parvipendunt.
850 3277 950 3336 Sedet
1004 3279 1076 3354 ipsis
1103 3274 1273 3333 domesticis
1293 3277 1463 3347 paterentur
1492 3272 1584 3328 multa
1607 3269 1695 3337 mala,
1712 3271 1824 3328 anullo

123 3367 156 3419 tu
173 3362 341 3433 quicunque
357 3366 491 3434 peccator
514 3378 556 3428 es,
583 3363 608 3418 si
637 3380 695 3419 nan
721 3366 949 3437 poeuitueris,ia
1004 3370 1146 3426 habereut
1169 3364 1381 3421 defensionem.
1410 3365 1474 3418 Nun
1499 3360 1605 3426 habea,
1631 3358 1737 3433 inquit,
1754 3360 1825 3433 quid

125 3467 233 3506 manus
244 3449 362 3505 Domini
377 3449 498 3506 incides.
516 3449 593 3506 lllud
608 3453 687 3508 enim
703 3455 893 3511 metuendum
905 3460 950 3513 est
1004 3459 1112 3524 dicam,
1129 3453 1268 3527 quiahoc
1283 3452 1361 3524 pasti
1378 3451 1496 3522 quidem
1523 3450 1605 3516 0⁸5⁸,
1629 3454 1659 3505 ti
1685 3450 1758 3507 f⁰rifl
1773 3450 1825 3506 d0·

125 3539 155 3594 id
171 3538 369 3609 estjudicium
384 3537 503 3607 Dei,hoc
514 3544 613 3595 autem
625 3540 697 3596 nihil
711 3542 798 3608 estid
815 3548 859 3600 ast
869 3545 950 3616 judi·
1004 3545 1112 3616 luistis,
1128 3545 1188 3599 imo
1204 3541 1299 3614 magis
1312 3539 1496 3614 gaudebatis.
1512 3539 1574 3595 Non
1590 3537 1698 3605 solum,
1726 3539 1824 3612 inquit

125 3627 204 3683 cium
221 3626 384 3683 bominum.
400 3630 471 3683 Cum
486 3627 646 3686 viderimus
665 3629 756 3702 igitur
770 3647 948 3705 quemquam
1004 3636 1033 3692 in
1049 3632 1175 3708 propriis
1191 3630 1378 3705 passionibus
1392 3645 1450 3686 non
1464 3627 1716 3700 erubuistisquiu
1732 3629 1823 3685 etiam

125 3714 174 3772 hic
189 3714 358 3787 puniri,non
373 3716 578 3772 tremiscamus
594 3717 629 3775 ad
645 3720 869 3789 prasentiased
880 3739 948 3780 con-
1004 3724 1070 3781 aliis
1083 3721 1182 3779 taliter
1213 3718 1391 3792 patientibus
1413 3717 1484 3774 socii
1500 3717 1568 3774 lacti
1583 3716 1655 3775 estis
1671 3737 1680 3785 ς
1695 3719 1775 3790 quod
1788 3719 1825 3775 de

123 3804 331 3860 tremiscamus
346 3804 446 3861 lutura
460 3804 512 3862 Dei
522 3805 818 3876 judiciasecundum
834 3810 949 3869 miseri·
1004 3808 1270 3884 apostolisdictum
1287 3823 1351 3863 esse
1376 3806 1512 3862 arbitror.
1529 3827 1544 3857 α
1560 3805 1592 3862 In
1621 3804 1825 3863 altercantem

124 3893 255 3949 cordiam
270 3894 350 3949 enim
365 3893 646 3966 ejuaetindignatio
661 3897 784 3967 ejusest,
794 3902 824 3953 et
834 3915 951 3974 semper
1004 3900 1076 3956 socii
1092 3898 1191 3955 taliter
1203 3894 1439 3953 conversantium
1453 3893 1558 3951 effecti.
1577 3917 1588 3944 s
1606 3897 1644 3951 lo
1671 3893 1696 3950 si
1722 3894 1824 3951 dieat:

124 3997 215 4054 super
229 3985 397 4054 peccatores
413 3981 570 4054 requiescit
592 3983 673 4040 furor
700 3985 767 4056 ejus
786 3985 815 4042 in
835 4003 886 4044 eos
900 3989 949 4061 qui
1003 3988 1072 4056 Vos,
1088 3988 1139 4059 qui
1154 3984 1213 4041 illis
1228 3981 1415 4052 ministratis,
1439 3983 1511 4041 socii
1536 3983 1607 4041 estis
1634 3984 1767 4056 ipsorum
1794 3983 1824 4040 in

122 4069 518 4141 inciduntinmenusejus.
930 4077 933 4082 ’
1005 4074 1250 4132 remuneratione.

162 4181 177 4209 «
193 4159 441 4217 Rememoramini
463 4163 561 4216 autem
587 4160 727 4234 pristinos
750 4163 824 4231 dies,
841 4165 950 4237 quibus
1042 4185 1057 4214 ι(
1072 4164 1145 4222 Nam
1160 4165 1190 4219 et
1205 4160 1311 4217 vinetis
1325 4157 1473 4231 compassi
1488 4159 1569 4231 estis,
1585 4163 1614 4216 et
1629 4160 1762 4233 rapinam
1777 4161 1826 4216 bo·

122 4248 293 4316 illuminati,
309 4265 452 4323 magnum
468 4254 617 4307 certamen
640 4249 824 4310 sustinuistis
837 4255 949 4326 passio·
1003 4269 1109 4312 norum
1123 4255 1287 4307 vrstrorum
1303 4263 1373 4305 cum
1389 4247 1499 4320 gaudia
1517 4247 1700 4320 suscepistis,
1716 4265 1824 4321 cogno-

122 4355 207 4409 num,
224 4341 253 4393 et
267 4337 297 4392 in
314 4337 404 4394 altero
418 4338 541 4410 'quidem
557 4337 722 4410 opprobriis
738 4344 767 4395 et
785 4340 949 4399 tribulatio·
1004 4347 1119 4400 suentes
1133 4335 1674 4396 voshaberemelioremetmsnentsm
1685 4337 1825 4394 substan·

122 4427 213 4484 nibus
229 4427 430 4500 spectaculum
442 4427 544 4501 lacti.»
560 4426 670 4499 Optimi
686 4428 866 4487 medicorum
881 4447 949 4487 cum
1003 4432 1086 4488 tiam.
1102 4451 1117 4480 «
1134 4428 1223 4485 Vides
1239 4425 1309 4499 quia
1322 4427 1360 4482 de
1373 4425 1437 4497 ipso
1452 4424 1534 4493 dicit,
1548 4429 1578 4482 et
1587 4423 1694 4482 dealiis
1707 4424 1823 4482 vinctis.

122 4504 270 4575 malitiam
299 4516 463 4577 secaverint
486 4520 515 4573 et
539 4532 592 4589 per
626 4515 801 4573 incisionem
830 4517 1163 4602 iecerintDNonenim
1178 4513 1436 4589 putastisvincula
1463 4530 1528 4571 esse
1556 4512 1606 4569 illa
1630 4511 1757 4579 vincula,
1772 4513 1824 4570 sod

122 4603 235 4665 doloris
256 4610 461 4678 augmentum,
484 4604 623 4663 solatium
650 4605 750 4665 statim
770 4607 904 4676 atterunt,
921 4613 950 4666 et
1003 4610 1081 4667 sicut
1096 4605 1223 4673 athleta,
1237 4605 1326 4662 fortes
1340 4603 1383 4659 sio
1397 4603 1521 4660 stetistis
1537 4618 1543 4658 :
1561 4602 1612 4672 qui
1639 4618 1699 4659 non
1727 4601 1823 4659 solum

121 4693 289 4752 remedium
304 4693 348 4750 illi
364 4693 438 4763 loco,
455 4692 505 4751 ubi
520 4693 698 4763 dolorinest,
719 4698 747 4751 et
763 4698 948 4768 pertubatam
1003 4696 1110 4754 vestris
1124 4711 1198 4766 opus
1211 4709 1270 4751 noa
1285 4691 1432 4749 habuistis
1444 4691 1610 4751 hortatione
1631 4688 1676 4748 vel
1690 4690 1824 4749 consola·

121 4784 254 4862 refovent
269 4785 400 4841 animam
420 4804 427 4854 ς
444 4784 602 4857 postquam
627 4788 725 4841 autern
748 4787 948 4856 recreaverint,
1002 4787 1092 4852 tione,
1108 4774 1309 4840 verumetiam
1326 4781 1392 4838 aliis
1407 4781 1532 4837 hortatio
1546 4786 1576 4836 st
1588 4779 1824 4839 consolatiolaoti

121 4872 245 4935 alteram
257 4875 322 4946 jam
338 4890 399 4931 non
416 4873 560 4944 adjiciunt
575 4873 754 4930 sectionem:
771 4875 843 4946 quin
859 4876 949 4932 etiam
1003 4875 1084 4932 estis.
1101 4896 1115 4924 «
1132 4874 1167 4929 Et
1181 4871 1314 4943 rapinam
1329 4869 1563 4927 substantiarum
1577 4874 1739 4927 vestrarum
1755 4885 1823 4925 oum

119 4961 217 5034 illam,
233 4980 298 5035 qua
314 4963 459 5030 sacmeel,
476 4962 723 5018 medicaminibus
743 4962 949 5022 mitioribuset
1003 4962 1110 5038 gaudio
1126 4959 1306 5032 suscepistis.
1325 4981 1339 5009 a
1368 4958 1522 5032 Rapidum,
1542 4959 1620 5031 quud
1650 4959 1729 5024 dicit,
1755 4973 1823 5015 cum

120 5050 288 5111 valentibus
299 5050 525 5125 amplitudinem
534 5050 786 5124 mitigaredoloris
796 5054 949 5112 confovent
1002 5051 1110 5125 gaudio
1125 5048 1308 5120 suscepistis,
1323 5047 1351 5103 id
1368 5048 1478 5119 estqui
1504 5064 1551 5105 res
1576 5046 1694 5103 illorum
1713 5042 1822 5101 abillis

120 5140 183 5198 Hoc
197 5141 287 5196 etiam
302 5139 461 5214 Apostolus
475 5139 715 5212 fecitPostquam
726 5141 876 5198 concussit
890 5143 949 5199 ani·
1003 5142 1215 5207 abstraxeraut,
1245 5153 1313 5195 cum
1339 5136 1447 5209 gaudio
1475 5139 1675 5208 susceperant,
1705 5136 1823 5205 propter

119 5245 188 5303 mas
200 5245 304 5286 eorum
319 5233 349 5285 et
373 5227 545 5301 compunxit
571 5228 721 5285 mentione
748 5229 899 5301 gehenne,
919 5236 949 5288 et
1002 5227 1268 5287 remunerationem
1283 5230 1433 5284 aternam.
1448 5220 1823 5282 Mirabilitersatislaeitet
1914 5264 1916 5269 -

118 5318 209 5376 tidem
223 5319 344 5387 faciens,
361 5317 430 5390 quia
444 5317 584 5375 omnibus
599 5316 698 5376 modis
716 5323 831 5391 oportet
855 5320 947 5392 perire
1002 5317 1181 5390 comprobat.
1208 5316 1283 5374 Nam
1311 5314 1415 5388 rapina
1439 5312 1491 5369 illa
1518 5309 1652 5368 tortassis
1677 5309 1821 5368 molentis

116 5406 312 5480 injuriantem
333 5405 383 5463 Dei
414 5406 551 5476 gratiam,
580 5410 609 5462 et
636 5406 691 5463 boc
715 5407 828 5480 exlege
855 5408 947 5481 Moysi
1002 5411 1152 5480 raptorum
1168 5404 1334 5462 ascribitur,
1351 5401 1454 5459 Nullus
1469 5399 1546 5457 enim
1563 5402 1662 5471 posset
1676 5397 1820 5461 violentos

151 5585 338 5663 (ittet-Psoi
354 5603 399 5647 mv
415 5586 450 5644 13
464 5602 472 5648 r
488 5585 625 5655 latinam
649 5585 846 5659 mmedtcisset
857 5587 940 5659 miti,
960 5585 1155 5653 mabsam
1167 5583 1274 5657 uiam.
