3908 6096
117 265 179 326 ota
325 254 1094 324 exsostttotttevisioneseaunt.-1n
1117 255 1241 318 arist.
1265 256 1275 316 l
1298 256 1349 316 att
1371 255 1622 321 ttuorntautt.
1765 265 1829 323 bil

116 397 178 455 tuit
187 393 385 463 sacerdotum,
396 396 430 450 ut
439 391 553 449 vicibus
564 389 753 449 deservirent.
765 387 947 447 UndeAbias
959 389 989 456 Α
1002 386 1175 443 remissione
1190 392 1386 458 peccatorum,
1400 404 1489 461 quam
1506 388 1552 445 hio
1566 389 1597 447 in
1615 392 1749 464 praesenti
1766 393 1827 452 lar-

119 490 253 542 ootavam
268 483 394 540 classem
409 481 526 549 habuit;
543 481 628 552 cujus
638 479 701 536 vica
712 478 867 535 Zacharias
882 477 947 532 lun·
1002 475 1090 548 gitur.

119 573 245 648 gebatur
255 571 427 639 sacerdotio,
439 570 515 627 sieut
529 568 696 626 continetur
709 567 739 624 in
749 565 946 638 Paralipome·
1037 563 1112 632 Quod
1127 562 1295 620 declaratum
1309 572 1348 621 est
1373 569 1404 622 t'is
1426 583 1520 634 carue,
1532 570 1718 640 justificatum
1742 576 1783 628 est
1796 574 1827 628 irs

119 679 181 721 non
196 661 711 732 it‚n11:ttsuiiemp0re,qu0n0n
726 654 948 726 illoacontinge-
1000 653 1114 724 spiritu,
1128 654 1218 708 visum
1232 661 1270 709 est
1292 655 1409 725 augetis,
1422 656 1607 727 predicatum
1629 661 1668 714 est
1690 661 1829 726 pentibus.

119 752 174 813 bat
186 748 333 808 deservire
348 747 443 816 altari,
455 748 609 803 domorum
626 762 749 803 suarum
763 746 884 818 agerent
897 760 947 799 cu·
1002 736 1134 797 tradititiis
1149 750 1189 797 cst
1202 743 1233 798 io
1247 741 1296 798 lioc
1314 743 1426 807 maudo,
1441 755 1611 818 assumpturi
1625 755 1666 802 est
1681 751 1712 803 ia
1726 750 1828 817 picria.

120 856 196 901 ram.
212 836 312 895 Atubi
328 840 427 892 autam
449 840 567 908 tempus
590 834 764 891 imminebat
780 831 949 900 ministemi,
1003 830 1226 886 Sacramentum
1250 832 1380 903 mysterii
1403 832 1465 902 Dei,
1481 836 1557 905 quod
1583 841 1627 893 est
1649 837 1783 894 Christus
1798 839 1828 895 in

120 925 271 1005 purificati
285 925 444 999 aliquantis
452 923 557 981 diebus
567 924 746 980 accedebant
757 923 794 979 ad
804 920 949 994 templum
1004 935 1102 987 carne,
1118 919 1189 974 dicit
1209 919 1429 977 manifestatum
1445 924 1522 994 quod
1542 925 1651 981 latebat
1665 927 1694 981 in
1711 928 1827 998 spiritu.

121 1018 228 1077 offerre
256 1013 424 1072 Deo.Nuno
452 1018 551 1070 autem
580 1017 692 1084 septam
720 1010 859 1068 diaconos
884 1025 949 1066 esse
1006 1007 1192 1064 Natusenim
1217 1008 1305 1064 homo
1330 1008 1420 1066 Filius
1436 1012 1496 1077 Dei,
1514 1013 1564 1085 qui
1587 1014 1616 1069 in
1642 1021 1831 1073 secretoerat

122 1109 248 1181 oportet,
268 1103 435 1176 aliquantos
455 1102 652 1176 presbyteros,
668 1105 701 1157 ut
728 1099 790 1156 hini
815 1098 875 1155 sint
897 1113 950 1170 per
1007 1096 1086 1169 apud
1109 1101 1210 1162 Deum,
1233 1113 1330 1169 opere,
1346 1103 1374 1153 et
1398 1099 1603 1170 predicatione
1627 1104 1830 1163 declaraviteo

122 1182 408 1262 adelaisautunus
423 1190 452 1247 in
463 1190 581 1247 civitate
591 1189 769 1262 Episcopue;
781 1204 815 1244 ac
830 1203 882 1259 per
895 1185 952 1242 hoc
1006 1189 1155 1241 creature.
1171 1186 1207 1241 Et
1229 1184 1284 1241 hoc
1303 1190 1348 1241 est
1358 1187 1555 1257 justificatum
1570 1207 1635 1248 esse
1656 1192 1687 1249 ia
1712 1194 1828 1266 spiritu,

124 1297 228 1341 omnes
240 1298 259 1338 a
273 1284 418 1337 conventu
443 1279 559 1336 lemine
582 1277 730 1335 abstinere
752 1274 866 1344 debere,
884 1273 954 1347 quia
1006 1273 1300 1346 operibusetvirtnte
1312 1273 1453 1332 claruisse
1465 1293 1543 1347 eum,
1555 1280 1680 1350 quierat
1691 1281 1829 1351 incarne,

124 1386 246 1433 necasse
259 1372 305 1427 est
314 1385 364 1427 eos
375 1367 504 1441 quotidie
515 1371 621 1440 praeto
630 1382 696 1424 esea
710 1365 740 1422 in
749 1364 890 1433 Ecclesia,
899 1378 953 1420 nec
1007 1362 1074 1434 quis
1088 1366 1180 1430 esset;
1196 1363 1302 1419 deinde
1317 1365 1490 1436 apparuisse
1509 1367 1633 1439 angelis,
1652 1372 1785 1442 asnjam
1799 1371 1830 1428 in

125 1460 237 1519 habere
247 1456 431 1523 dilationem,
445 1460 478 1512 ut
488 1460 556 1528 poet
566 1457 741 1513 conventum
754 1452 883 1526 legitime
899 1468 953 1525 pu·
1008 1451 1107 1506 forma
1122 1449 1298 1517 humilitate,
1315 1453 1365 1507 sed
1391 1453 1421 1508 in
1443 1459 1595 1526 potestate.
1611 1458 1725 1514 Tandiu
1752 1460 1832 1516 enim

127 1548 291 1616 rideantur,
316 1546 394 1603 sieut
420 1550 542 1602 veteres.
557 1542 644 1603 Omni
666 1541 745 1599 enim
769 1541 955 1597 hebdomada
1008 1542 1127 1611 aspectu
1143 1539 1264 1597 humilis
1280 1539 1360 1597 visus
1374 1545 1418 1598 eet
1435 1559 1486 1615 per
1500 1560 1630 1612 minem,
1642 1548 1772 1618 quandiu
1785 1548 1832 1604 ds·

126 1637 311 1697 offerendum
334 1638 391 1701 est,
403 1633 520 1691 etiamsi
544 1649 603 1689 non
627 1628 761 1705 quotidie
780 1627 953 1704 peregrinis,
1007 1628 1085 1685 victa
1099 1633 1192 1685 morte
1215 1635 1380 1701 resurgeret
1394 1647 1413 1686 a
1427 1633 1552 1690 mortuis
1566 1635 1755 1693 strideretur
1769 1654 1833 1693 ma-

125 1725 233 1784 lnaolis
244 1728 343 1781 tamma
353 1721 400 1780 vel
412 1722 459 1779 bis
472 1722 504 1778 in
519 1720 719 1788 hebdomada;
733 1724 763 1776 et
773 1736 831 1776 non
847 1718 955 1775 desunt
1004 1717 1098 1789 jestas
1112 1717 1188 1788 ejus,
1200 1718 1251 1794 qui
1267 1724 1354 1775 natus
1370 1723 1402 1774 ut
1416 1719 1518 1792 homo,
1528 1739 1586 1778 non
1601 1729 1769 1793 erat,‚totus
1784 1727 1837 1781 ho·

126 1815 179 1895 qui
193 1829 284 1888 prope
293 1811 426 1884 quotidie
436 1810 622 1883 baptizentur
631 1809 711 1882 agri.
722 1812 796 1865 Nam
805 1807 954 1864 veteribus
1008 1822 1075 1862 mo:
1093 1811 1125 1862 ut
1139 1812 1331 1879 agnoscentes
1346 1807 1440 1881 angeli
1460 1811 1644 1883 mysterium,
1656 1816 1734 1884 quod
1751 1817 1833 1886 prius

126 1904 194 1963 ideo
208 1915 383 1959 concessum
396 1903 452 1967 est,
465 1899 533 1972 quia
549 1897 644 1955 multo
653 1902 786 1970 tempore
799 1896 830 1952 in
845 1895 955 1968 templo
1009 1894 1293 1964 latuit,declaretum
1304 1896 1334 1950 in
1344 1913 1525 1970 carne,geau
1537 1898 1581 1954 illi
1591 1900 1740 1957 flectentes
1749 1905 1833 1975 quasi

126 2007 189 2049 non
201 1988 388 2056 videbantur,
402 1989 453 2046 sed
475 1991 559 2044 erant
577 1989 609 2043 ut
624 1985 738 2059 privati.
753 1985 783 2042 Si
800 1985 877 2041 enim
893 1984 955 2057 ple·
1009 1984 1068 2040 Deo
1081 1984 1191 2056 gratias
1212 1990 1311 2056 agant,
1322 1984 1392 2056 quia
1417 1986 1582 2043 didicerunt
1597 1990 1834 2063 veritatemque

128 2080 177 2138 his
191 2076 364 2137 hominibus
373 2075 516 2134 orationis
525 2092 617 2132 causa
626 2075 660 2130 ad
677 2079 796 2147 tempus
809 2073 956 2130 abstinere
1009 2073 1147 2144 gentibus
1163 2073 1319 2145 praedicata
1333 2079 1388 2143 eet,
1400 2079 1433 2130 iit
1451 2075 1602 2132 aberrare
1622 2076 1833 2149 liberarentuc;

128 2184 162 2227 se
176 2165 366 2242 precipitat
379 2164 637 2223 vaceutarationi:
651 2167 761 2236 quanto
777 2162 873 2235 magis
887 2161 956 2218 levi·
1009 2161 1039 2216 in
1055 2178 1113 2234 quo
1136 2163 1265 2218 mundus
1294 2163 1418 2234 prolicit,
1442 2168 1475 2219 ut
1503 2181 1560 2221 non
1584 2167 1751 2224 damnetur.
1769 2170 1835 2224 Idea

125 2257 180 2326 tis,
194 2259 247 2313 aut
261 2255 465 2313 sacerdotibus
479 2256 593 2326 oportet
611 2252 713 2309 oraret
726 2251 895 2308 Mundiores
910 2267 956 2306 er·
1010 2251 1089 2306 enim
1111 2251 1253 2306 creditum
1278 2258 1323 2306 est
1347 2252 1458 2308 mundo
1483 2254 1530 2308 Dei
1558 2261 1786 2325 sacramentum,
1802 2263 1836 2313 ut

126 2361 165 2420 gn
181 2360 246 2407 ease
258 2343 366 2401 dehent
380 2342 504 2411 ceteris,
519 2343 591 2415 quia
605 2345 718 2398 actores
732 2342 783 2397 Dei
798 2344 877 2396 sunt.
1011 2338 1134 2412 pertidia
1145 2340 1209 2411 ejus
1224 2339 1339 2397 veniam
1354 2341 1462 2398 erroris
1478 2343 1584 2398 mereri
1601 2361 1658 2400 non
1674 2352 1781 2417 poseit;
1798 2347 1836 2402 ei·

161 2452 291 2513 gnnm·
300 2451 401 2518 mm,
415 2466 532 2522 ,pm
552 2465 596 2506 m,
619 2451 674 2505 αφ
697 2450 793 2506 „mm
814 2447 851 2503 „d
876 2455 910 2503 ῃ,
926 2447 958 2503 St'
1011 2432 1061 2484 aut
1076 2427 1147 2484 dicit
1161 2429 1304 2485 Dominus
1320 2428 1479 2485 deludieis
1495 2448 1502 2486 :
1519 2432 1550 2487 st
1571 2448 1627 2489 aiiii
1651 2436 1795 2506 ambiam,
1810 2445 1837 2493 et

127 2545 226 2599 mm
238 2539 393 2599 mmm,
407 2543 440 2595 αι
459 2540 531 2595 ,αἀ,
552 2537 781 2610 qumvmmm
794 2540 918 2610 ,pom
933 2544 959 2593 εὖ
1011 2518 1117 2574 locustas
1132 2520 1171 2573 es's
1184 2519 1309 2588 fuissem,
1319 2528 1459 2589 peccatam
1474 2536 1530 2576 nort
1544 2521 1686 2578 taberent.
1697 2525 1836 2581 Nuucaa·

128 2630 255 2689 iatam
275 2629 325 2685 θαι·
346 2629 595 2699 conversumque
613 2632 655 2683 est
669 2626 790 2682 Ecclesia
813 2626 862 2681 llei
887 2627 956 2690 civi,
1012 2615 1067 2662 ‘em
1079 2608 1347 2664 mwflil'mmm
1358 2607 1836 2684 Mb‘mdsstmmmilfflndlt

131 2719 274 2787 wrm,
297 2726 323 2774 ,ι
344 2717 554 2787 flmmeum
581 2716 718 2772 „erigam
743 2714 892 2779 Quantum
921 2715 958 2770 ,d
1011 2694 1836 2774 22):quiaquodvelutinlirmumetdelormecontemp-

132 2806 289 2867 seientiam
303 2806 368 2876 eius
393 2805 568 2878 pertinebat,
583 2803 639 2860 hoe
661 2806 722 2860 erat
736 2803 767 2858 in
782 2819 815 2858 eo
828 2803 906 2874 quod
922 2803 960 2857 05.
1013 2787 1124 2853 serunt,
1137 2789 1323 2855 assumptum
1343 2789 1388 2840 eet
1403 2786 1432 2841 in
1448 2785 1549 2857 gloria.
1563 2787 1630 2843 Post
1645 2805 1761 2846 crucam
1778 2809 1838 2848 ma-

130 2896 198 2954 flu.
211 2894 294 2955 inum
317 2893 436 2951 vigum„
449 2898 537 2950 met,
552 2893 608 2949 Sed
631 2892 701 2965 qui,
716 2892 791 2949 Βοιώ
807 2890 886 2947 aliud
901 2891 959 2947 Deo
1014 2873 1119 2928 nilesta
1134 2888 1257 2943 persana
1280 2877 1309 2927 et
1322 2873 1430 2929 virtute
1445 2891 1509 2943 sua,
1525 2875 1658 2932 Salvator
1681 2878 1777 2950 palam
1794 2881 1836 2935 la·

130 2982 553 3060 p100010‚0ujusp1·0videntia
568 2981 625 3053 ipsi
644 2979 698 3037 0011
714 2980 831 3053 cognita
845 2984 899 3048 est,
914 2979 959 3035 id.
1014 2960 1195 3016 mulantibue
1211 2960 1340 3019 nubibus
1354 2962 1486 3019 aseendit
1500 2963 1647 3035 gloriosus
1660 2966 1691 3020 iii
1708 2967 1805 3024 cmlos.

88 3132 94 3141 ,
132 3074 214 3131 circo
229 3073 366 3140 nesorts,
381 3070 489 3144 inquit,
505 3070 630 3135 tardem,
646 3068 820 3139 scribatibi,
836 3069 960 3124 ntscias
1048 3067 1126 3139 (Gir.
1142 3065 1200 3138 IV.)
1215 3066 1337 3137 Spiritus
1358 3076 1451 3123 autem
1470 3072 1710 3141 manifestedies't,
1726 3065 1858 3145 quioia'
1918 3104 1924 3117 ·

132 3164 283 3236 quomodo
293 3160 453 3218 Ecclesiam
469 3158 670 3230 ordinesque
685 3150 732 3213 est
740 3158 845 3214 domus
857 3157 915 3225 Dei,
928 3160 961 3213 ut
1013 3157 1168 3212 meumst
1183 3156 1348 3228 temporibus
1368 3157 1495 3214 resederit
1515 3159 1627 3231 quidam
1642 3177 1660 3216 a
1674 3161 1737 3232 fida,
1750 3167 1837 3219 attam

133 3268 206 3309 euni
220 3254 301 3309 totus
316 3250 447 3305 mundus
469 3247 522 3304 Dei
536 3247 577 3303 sit
590 3246 729 3313 Ecclesia,
740 3251 838 3302 tamen
854 3246 961 3301 doinus
1014 3243 1104 3299 deam
1131 3245 1246 3315 spiritus
1272 3245 1395 3316 (altares,
1419 3246 1558 3303 doctrinas
1582 3250 1784 3306 demoniorum
1805 3253 1836 3308 in

133 3340 201 3412 ejus
216 3336 526 3408 dicatur,oiijushadie
539 3334 844 3392 reatorestllamasue
857 3334 959 3405 (1304).
1014 3333 1193 3388 adsumtione
1218 3333 1443 3405 falsiloquorum,
1463 3339 1655 3393 cautemotam
1678 3338 1836 3396 habentium

132 3426 267 3486 nundus
281 3425 361 3482 enim
376 3423 405 3481 ia
421 3422 658 3497 prevaricatione
671 3427 716 3480 est
730 3424 846 3479 diverso
860 3423 961 3479 turba·
1014 3423 1211 3478 mordentium
1224 3438 1314 3491 tuam,
1328 3423 1533 3494 prohiberuium
1547 3427 1661 3495 nubere,
1672 3427 1838 3486 abstineres

132 3519 184 3575 tus
199 3531 307 3571 errore.
324 3514 392 3571 tdeo
415 3511 474 3570 illia
499 3528 618 3569 necessa
632 3516 678 3568 est
692 3512 808 3568 dicatur
831 3528 895 3568 esse
910 3510 961 3568 do·
1014 3511 1093 3579 ciliis,
1104 3527 1170 3583 quos
1185 3511 1256 3567 lleua
1269 3513 1373 3567 meavit
1386 3513 1422 3567 ad
1439 3515 1646 3586 percipiendum
1660 3533 1722 3573 cum
1733 3519 1838 3590 pratia·

132 3599 961 3672 musti,etvecitss,ubiseeundumvoluntatemsuam
1016 3617 1081 3655 rum
1093 3602 1200 3657 aetiam
1222 3600 1358 3672 fidelibus,
1372 3604 1399 3657 et
1414 3602 1457 3658 liis
1470 3606 1519 3675 qui
1531 3609 1714 3676 coposuerunt
1735 3609 1838 3664 verita-

133 3693 271 3762 timetur,
286 3691 342 3749 boo
357 3690 564 3763 profitentibus
578 3691 615 3746 de
638 3705 672 3746 eo
693 3689 796 3755 servis,
806 3690 883 3761 quod
898 3688 963 3761 ipse
1017 3695 1088 3752 tem:
1103 3692 1169 3761 quia
1183 3693 1272 3746 omno
1283 3699 1411 3747 creatura
1425 3694 1478 3748 Dei
1492 3692 1572 3761 basa,
1589 3703 1614 3750 et
1629 3696 1701 3751 nihil
1715 3697 1841 3769 rejicien-

135 3780 473 3856 dignatusoetedooere.
486 3779 527 3836 Ne
537 3780 610 3835 torte
623 3779 713 3835 verba
725 3779 790 3849 ejiis
799 3795 864 3834 esee
874 3795 962 3851 nega·
1018 3778 1094 3849 dum,
1109 3779 1182 3850 qaod
1194 3794 1257 3834 curs
1270 3781 1426 3848 oratiorum
1440 3782 1546 3838 actione
1557 3785 1717 3856 percipitur.
1733 3785 1843 3842 Sancti·

135 3873 251 3929 nour.
266 3867 426 3925 virtutibus
440 3867 502 3923 heo
526 3867 743 3940 signavitque
763 3882 781 3922 a
801 3866 884 3923 nullo
906 3867 964 3923 alio
1018 3868 1119 3938 ficetur
1132 3868 1206 3921 enim
1218 3882 1269 3939 per
1281 3868 1395 3923 vertum
1409 3869 1458 3924 liei
1480 3872 1505 3924 et
1526 3873 1688 3927 orationem.
1705 3872 1772 3937 Quae
1787 3874 1850 3931 eibi·

136 3957 203 4019 lieri
224 3961 360 4031 possunt,
378 3960 413 4012 ut
433 3955 480 4012 his
505 3955 664 4012 infidelitas
688 3959 826 4012 accusata
847 3956 964 4011 inexeu·
1018 3954 1144 4027 spiritus
1156 3959 1276 4011 sanctus
1287 3956 1385 4011 lutura
1397 3955 1565 4014 revelaverit
1574 3960 1610 4015 ad
1621 3960 1844 4017 instructionem

136 4045 243 4107 stabilis
257 4050 366 4119 pereat.
384 4045 619 4102 Firmamentum
634 4044 715 4102 enim
727 4043 858 4101 veritatis
875 4043 966 4117 hujus
1020 4041 1216 4100 Ecclesiarum
1231 4047 1261 4099 et
1274 4042 1430 4110 cautelam,
1447 4061 1504 4101 non
1522 4050 1606 4116 tacet,
1618 4051 1651 4102 ut
1665 4048 1844 4120 premonita

137 4136 228 4210 signs
241 4139 311 4193 suat
325 4138 354 4191 et
368 4132 512 4207 prodigia.
1020 4131 1156 4189 Ecclesia
1182 4130 1312 4187 sollicita
1328 4131 1397 4204 sint,
1413 4150 1450 4189 ne
1474 4135 1510 4189 ab
1534 4134 1705 4207 hujusmodi
1729 4138 1845 4210 possint

175 4224 211 4280 lit
224 4223 335 4296 guidem
348 4223 473 4279 maium
493 4222 665 4293 cantesstotse
684 4238 816 4291 macrum
830 4225 870 4279 est
885 4222 968 4294 liujus
1022 4220 1224 4279 circumveniri
1240 4220 1418 4279 hominihus.
1436 4223 1508 4288 Quid
1533 4225 1611 4279 enim
1635 4230 1696 4282 tam
1720 4225 1844 4298 clarum,

135 4313 255 4389 pietatis
267 4311 440 4384 mysterium.
454 4309 575 4366 Nullum
586 4308 718 4366 fidelium
729 4310 870 4367 admirari
882 4314 970 4382 negat
1022 4316 1142 4382 tamque
1157 4314 1290 4382 apertum
1307 4310 1342 4365 ad
1357 4311 1520 4380 evitandos,
1532 4318 1583 4369 aut
1598 4315 1691 4388 magia
1706 4317 1844 4372 condem·

138 4404 361 4460 ssorsmantum
371 4398 504 4455 veritatis
514 4399 544 4455 iu
556 4399 686 4455 Ecclesia
697 4397 869 4470 predicata,
879 4415 967 4471 quam
1024 4401 1137 4456 nendos
1147 4400 1284 4455 doctrina
1297 4398 1388 4471 hujus
1399 4401 1542 4473 pestilens
1550 4404 1637 4470 viros,
1650 4405 1746 4476 potuit
1756 4405 1849 4460 mani·

140 4490 281 4565 pietatem
291 4486 679 4562 appellatldagnanimitate
689 4485 971 4545 enimetelemeatia
983 4491 1008 4556 Ι)
1022 4490 1097 4545 laeta
1110 4504 1179 4544 voce
1195 4488 1321 4560 pralari,
1332 4488 1387 4543 nisi
1413 4493 1445 4544 ut
1463 4493 1705 4548 asseverationem
1733 4508 1846 4566 eorum,

140 4595 199 4637 sua
212 4577 457 4650 cognoscentibus
472 4593 504 4633 se
518 4576 616 4633 divina
630 4575 734 4632 tribuit
748 4577 835 4645 dona,
847 4582 968 4650 excepta
1023 4575 1153 4633 lallacem
1162 4592 1196 4632 ao
1204 4576 1374 4632 simulatam
1382 4577 1544 4634 doctrinam
1553 4578 1849 4638 demoniorumnun·

179 4792 274 4863 (leot)
285 4793 368 4847 Anno
383 4790 491 4848 Christi
506 4792 559 4847 366
573 4795 688 4846 creatus
704 4790 760 4872 luit
774 4807 850 4864 papa
864 4789 969 4847 Dama·
1023 4791 1113 4857 tione,
1130 4791 1254 4863 probent
1268 4794 1387 4846 caterae
1408 4789 1557 4862 epistolas,
1575 4790 1655 4848 hisee
1670 4794 1705 4849 ad
1720 4794 1850 4851 Thessa·

142 4878 208 4922 stis.
223 4863 302 4919 Obiit
324 4878 402 4918 anno
424 4863 487 4918 384.
506 4863 592 4918 Divus
617 4863 790 4918 Ambrosius
814 4862 970 4936 episcopus
1023 4863 1187 4919 loniceuses
1203 4862 1328 4927 duabus,
1345 4862 1518 4943 duabusque
1539 4863 1575 4917 ad
1597 4863 1783 4920 Timotheum
1799 4882 1848 4920 ex·

143 4938 262 4992 orestus
276 4934 333 4990 luit
352 4950 429 4990 anno
443 4934 507 4995 374.
519 4939 652 4990 mortuus
666 4949 734 4989 vero
754 4951 830 4990 anna
845 4935 908 4991 397.
924 4935 971 4990 lli·
1025 4935 1127 5006 ceptis,
1144 4933 1229 5005 longa
1254 4937 1321 5005 poet
1335 4932 1476 4988 Hilarium
1492 4939 1520 4988 et
1533 4935 1634 4990 divum
1659 4935 1848 4991 ¹imbrosium

143 5005 240 5091 larius
254 5005 397 5062 diaconus
408 5020 485 5086 anno
499 5005 564 5088 362.Ι
575 5003 700 5060 Luciferi
711 5005 774 5074 Jam
785 5004 882 5086 sacius
895 5005 971 5086 lega·
1024 5006 1171 5087 expositas
1195 5021 1259 5087 esse
1276 5020 1282 5058 :
1310 5004 1339 5059 in
1386 5004 1468 5060 rimie
1493 5005 1604 5062 seilicet
1628 5007 1664 5061 ad
1691 5007 1838 5088 Romanos

142 5081 236 5134 tionis
264 5076 301 5132 ad
325 5075 529 5132 Constantium
557 5080 764 5157 imperatorem
794 5075 971 5133 luciferiano
1026 5079 1062 5134 ad
1079 5076 1253 5141 Corinthios,
1270 5075 1306 5132 ad
1327 5021 1455 5143 unicias,
1472 5082 1538 5145 ete,
1556 5094 1650 5149 usque
1665 5077 1700 5132 ad
1717 5076 1798 5151 illam
1813 5046 1850 5131 ad

142 5146 300 5207 schismati
309 5146 534 5219 adhaesitusque
543 5147 579 5203 ad
588 5147 848 5228 rebaptizationem
859 5161 970 5216 eorum,
1026 5147 1230 5220 Philippenses
1245 5146 1330 5228 longe
1353 5151 1399 5202 eet
1422 5148 1563 5219 expositio
1588 5148 1647 5205 hac
1663 5148 1700 5203 ah
1716 5146 1768 5202 illa
1781 5148 1850 5202 hni-

143 5219 197 5294 qui
210 5221 248 5277 ab
262 5217 380 5276 Arianis
401 5219 542 5292 baptizati
556 5223 649 5274 erant.
663 5216 745 5283 Quod
760 5216 891 5272 schisma
905 5234 972 5274 cum
1027 5218 1180 5276 brosiastri
1210 5235 1217 5272 :
1246 5218 1316 5290 quid
1346 5217 1480 5274 dicamus
1508 5220 1544 5275 de
1572 5219 1618 5275 hie
1647 5217 1786 5289 Epistolis
1815 5216 1851 5273 ad

143 5293 212 5375 ipso
227 5289 335 5346 Eilario
350 5290 408 5415 ⁰52th
424 5290 510 5417 plectit
524 5294 642 5360 auctore
657 5288 771 5344 Fleurio
783 5287 855 5369 hist.
869 5290 974 5374 eccles.
1027 5289 1304 5372 Thessalonicenses
1319 5294 1348 5345 et
1363 5290 1561 5356 Timotheum,
1577 5290 1659 5345 valde
1681 5289 1784 5344 incerti
1800 5304 1851 5345 su·

143 5362 199 5491 ¹1¹3·
209 5376 356 5517 {teitu
378 5363 975 5516 „aasittetttlttttttffltttl:
1029 5360 1347 5517 ettatttltttdt
1362 5359 1854 5516 litttutssttttdlil.lta

149 5502 236 5642 m,
246 5502 977 5650 ⁰:³23aefiiiarzrtffiedttgignadiinffaloffm‘ptffi
1030 5502 1419 5651 ἱῗξιὲξιξιῶῗιοῶἕὲὲῗὴαυι
1433 5504 1470 5562 ab
1490 5500 1717 5576 expositoribus.
1730 5502 1803 5563 Vide
1819 5504 1855 5567 de

232 5615 241 5645 s
583 5616 590 5645 s
1349 5615 1356 5631 ·
