3908 6096
120 275 179 338 805
402 274 612 339 nxnoslnlo
634 276 673 339 ΙΝ
695 275 912 341 nplsnonns
935 277 1062 340 Psonl.
1078 312 1117 326 ·-
1137 283 1175 344 lN
1198 282 1322 348 EPlS'l.
1345 249 1535 353 anasse.
1760 300 1820 362 806

122 407 172 465 Dei
187 409 250 464 erat
264 406 483 479 repromissioni
499 408 689 474 contrarium,
706 413 738 465 ut
753 413 833 480 puta,
850 409 941 466 veluti
955 422 983 488 Α
998 415 1103 483 potest,
1116 429 1203 485 quam
1216 415 1240 472 ai
1252 417 1318 490 quis
1329 417 1423 476 filium
1437 421 1567 490 unicum,
1579 423 1819 487 dilectissimum·

122 496 200 568 quod
215 495 298 563 dixit,
310 496 449 568 quoniam
465 495 494 550 in
507 496 586 551 lsaao
597 496 747 551 vocabitur
761 496 814 552 tibi
830 512 941 562 samen,
997 516 1053 571 que
1064 518 1151 557 auum
1163 520 1250 560 senex
1260 512 1380 578 cogatur
1392 509 1545 567 occidere?
1557 512 1707 576 Quomodo
1720 523 1818 576 aotam

120 590 150 643 et
160 583 302 640 credidit:
317 584 460 640 etiterum
472 583 541 638 dicit
553 583 802 641 :sacriticaillum
815 585 896 650 mihi,
909 601 944 641 ex
997 590 1139 661 tunicam,
1151 591 1195 646 vel
1212 609 1293 650 escas
1308 613 1377 653 suas
1392 615 1444 669 pro
1459 599 1557 656 divino
1573 618 1671 659 amore
1687 608 1822 679 pauperi-

120 676 207 745 cujus
218 673 331 730 semine
341 673 470 728 mundus
484 675 564 728 totus
575 679 636 728 erat
647 673 813 745 replendus.
827 675 944 730 Intuere
998 677 1054 733 bus
1069 678 1138 735 dare
1153 679 1259 748 dillert,
1276 684 1325 754 qui
1343 684 1447 752 filium,
1464 704 1551 759 quem
1568 705 1654 745 senex
1670 701 1822 766 acceparat

122 763 203 819 litem
230 765 451 836 praceptorum,
477 765 505 816 et
530 761 770 833 promissionum.
792 763 945 819 Contraria
999 765 1203 832 heredemad
1217 770 1379 839 jussionem
1396 775 1633 840 [torninistatinr
1650 782 1736 837 morti
1751 784 1822 841 dare

120 853 229 924 quippe
244 847 522 922 repromissionibus
537 849 710 921 imperabat.
729 852 764 906 nt
786 867 881 922 neque
903 851 945 906 sic
999 870 1057 910 uon
1069 855 1207 912 distulit?
1221 857 1293 914 Illud
1306 861 1472 934 enimquod
1485 864 1660 934 dictumest,
1674 871 1821 928 arbitrans

120 939 276 1011 obstupuit
286 939 388 1009 justus
402 937 461 1008 ille,
478 953 573 1009 neque
587 939 742 1011 deceptum
763 956 795 995 se
819 939 944 995 dicebat.
1000 943 1070 1014 quia
1084 949 1112 999 et
1125 960 1143 1000 a
1158 949 1282 1002 mortuis
1297 951 1471 1007 resuscitare
1485 957 1588 1024 potens
1603 962 1648 1011 est
1662 961 1749 1024 Deus,
1765 977 1819 1032 po·

120 1030 184 1086 Non
199 1027 279 1083 enim
293 1031 394 1098 posset
415 1026 574 1098 quisquam
598 1027 694 1083 dicere
711 1043 718 1083 z
744 1028 818 1092 Quia
843 1027 947 1084 babuit
999 1034 1056 1087 test
1071 1032 1163 1105 accipi
1179 1038 1298 1107 propter
1312 1035 1377 1092 illos
1392 1037 1502 1095 dictum
1519 1057 1593 1113 esse,
1609 1060 1682 1116 quos
1707 1047 1822 1107 volebat

121 1118 213 1175 aliurn
229 1115 334 1183 tilium,
350 1132 385 1171 ex
398 1113 448 1170 illo
466 1115 603 1187 sperabat
617 1116 874 1188 repromissionem
889 1114 945 1170 im·
1000 1120 1036 1175 ad
1052 1135 1134 1192 spem
1151 1123 1372 1179 resurrectionis
1387 1126 1541 1194 adducere,
1552 1136 1581 1186 et
1596 1133 1646 1203 qui
1661 1134 1757 1191 dicere
1772 1153 1823 1193 au·

123 1206 214 1281 plere,
230 1209 260 1260 et
281 1207 436 1275 propterea
449 1204 600 1261 confidens
615 1204 706 1261 istum
722 1204 837 1261 obtulit.
853 1205 946 1260 Etiam
1000 1207 1128 1276 debant;
1154 1211 1224 1281 quia
1248 1216 1315 1284 post
1336 1218 1457 1270 mortem
1475 1217 1651 1276 nobisbona
1666 1225 1820 1294 pmmisit;

123 1293 319 1368 unigenitum,
336 1291 442 1363 inquit,
457 1292 606 1360 offerebat,
627 1294 677 1365 qui
701 1293 945 1364 repromissiones
999 1296 1821 1386 fortassisenim,inquiunt‚lelellitncaOstenditquippe,

123 1386 283 1455 acceperat,
301 1386 445 1453 quantum
461 1381 497 1436 ad
514 1381 657 1436 rationem
672 1381 777 1436 attinet
791 1381 947 1453 repromis·
1001 1384 1071 1457 quia
1084 1402 1119 1440 ex
1134 1387 1258 1444 mortuis
1272 1389 1415 1446 suscitare
1430 1397 1533 1463 potens
1548 1401 1593 1450 est
1607 1397 1703 1469 Deus,
1725 1401 1751 1456 si
1767 1419 1822 1458 au·

123 1472 236 1540 aionis;
253 1474 407 1542 propterea
433 1469 545 1524 addidit
565 1469 732 1542 Apostolus,
749 1470 945 1542 unigenitum,
1000 1478 1060 1529 tem
1075 1489 1110 1529 ex
1124 1477 1248 1533 mortuis
1263 1480 1406 1534 suscitare
1422 1486 1525 1552 potens
1548 1489 1592 1539 est
1615 1485 1705 1560 Deus,
1721 1491 1822 1563 utique

122 1562 224 1619 volens
238 1559 392 1615 ostendere
405 1563 557 1629 propterea
568 1558 753 1631 unigenitum
766 1575 841 1630 esse,
853 1560 903 1632 qui
915 1560 946 1615 in
1001 1567 1106 1617 cuncta
1121 1564 1255 1620 restituet
1269 1582 1333 1636 qua
1348 1567 1491 1637 promisit.

122 1649 174 1708 illo
189 1651 358 1721 susceperat
373 1647 626 1721 repromissiones,
640 1648 718 1703 sicut
732 1649 875 1720 scriptum
891 1653 946 1715 est,
1037 1672 1051 1700 «
1068 1650 1149 1706 Unde
1159 1651 1227 1707 etin
1241 1654 1377 1723 parabola
1386 1656 1499 1728 accepit
1509 1673 1586 1715 eum.
1597 1682 1611 1712 a
1624 1665 1744 1736 Accepit
1754 1684 1822 1724 aum

123 1739 193 1812 quia
207 1737 237 1793 in
251 1738 331 1794 lsaac
346 1735 497 1792 vocabitur
509 1735 563 1791 tibi
579 1752 690 1793 semen.
705 1737 814 1792 Deinde
828 1753 865 1793 ne
880 1737 947 1809 quis
1001 1737 1031 1793 in
1047 1739 1215 1810 parabolam
1230 1758 1236 1806 ;
1253 1742 1322 1813 quia
1336 1743 1424 1799 ariete
1439 1745 1534 1802 occiso
1549 1747 1604 1804 iste
1626 1750 1756 1811 salvatus
1780 1762 1825 1812 ast

122 1830 239 1902 putaret
252 1825 392 1899 quoniam
408 1823 567 1897 desperans
590 1825 646 1881 boc
668 1825 746 1892 lecit,
761 1828 790 1882 et
816 1842 867 1898 per
893 1826 947 1882 boo
1000 1830 1081 1897 (Gen.
1099 1845 1168 1896 xxu,
1186 1829 1239 1901 13).
1256 1829 1377 1887 Occisus
1392 1838 1437 1888 est
1452 1836 1544 1903 lsaao,
1561 1842 1705 1908 quantum
1723 1844 1759 1898 ad
1774 1861 1824 1901 vo·

121 1919 299 1990 praeceptum
323 1913 412 1970 tidem
435 1912 515 1968 illius
539 1913 777 1985 ropromissionis
796 1913 945 1983 amiserat,
1000 1913 1143 1972 luntatem
1154 1915 1233 1972 illius
1243 1918 1604 1990 pertinuit3deindeillum
1616 1928 1765 1986 redonavit
1775 1948 1825 2003 pa·

124 2007 283 2078 cognoscat
294 2016 394 2058 revera
405 2000 591 2074 omniaquia
601 2006 630 2057 at
640 2001 721 2058 illam
735 2001 946 2070 habuitlidem,
1003 2004 1134 2059 triorche
1160 2006 1189 2059 in
1214 2006 1362 2076 parabola,
1388 2009 1417 2064 id
1442 2016 1497 2081 est,
1521 2011 1550 2066 in
1581 2014 1774 2076 similitudino
1797 2025 1828 2078 et

124 2089 946 2163 licetvidareturhuiorepugnarelsednonrepugnabat:
1001 2093 1827 2168 ngurapassionischristi.1nsimilituninemenimerant

124 2181 279 2240 nonenim
300 2179 439 2235 humanis
454 2178 729 2235 ratiocinationibus
742 2180 880 2235 virtutem
897 2178 948 2234 Dei
1002 2180 1120 2247 omnia,
1136 2197 1200 2252 qua
1215 2186 1314 2238 tamen
1329 2185 1491 2256 agebantur
1505 2188 1533 2243 in
1548 2190 1710 2259 Abrabam,
1724 2197 1824 2254 torma

123 2270 276 2344 pensabat,
293 2268 344 2324 scd
360 2267 417 2324 tide
432 2271 537 2323 cuncta
551 2269 682 2341 gerebat)
696 2286 703 2336 ;
720 2272 874 2341 propterea
889 2284 947 2323 non
1002 2269 1135 2341 quedam
1152 2274 1244 2340 erant,
1261 2287 1326 2341 que
1347 2289 1398 2344 pro
1420 2275 1505 2331 nobis
1521 2293 1607 2334 verua
1620 2281 1777 2355 Abraham,
1794 2286 1824 2341 id

123 2364 241 2418 veretur
254 2357 350 2413 dicere
359 2355 525 2427 Apostolus,
538 2355 609 2428 quia
622 2361 651 2412 et
665 2372 699 2411 ex
714 2356 838 2412 mortuis
854 2356 947 2412 susci·
1002 2356 1132 2412 estDeus
1142 2357 1237 2423 Pater,
1250 2357 1279 2412 in
1295 2359 1353 2414 fine
1366 2360 1464 2416 saculi
1480 2379 1565 2435 agere
1581 2366 1714 2425 debebat.
1731 2373 1824 2429 Abra·

124 2453 187 2505 tare
204 2440 306 2519 potens
321 2451 365 2501 est
378 2450 464 2501 Deus.
476 2443 533 2500 Vos
544 2445 634 2514 enim,
646 2445 753 2517 inquit,
764 2462 815 2501 vos
828 2462 885 2501 non
901 2462 948 2518 po·
1001 2445 1069 2502 ham
1081 2446 1189 2518 quippe
1201 2447 1325 2518 figuram
1338 2448 1388 2504 Dei
1400 2449 1493 2506 Patris
1508 2455 1652 2527 gestabat,
1666 2459 1744 2516 Isaac
1758 2477 1824 2517 vero

123 2537 208 2594 pesp„
224 2538 278 2592 hoc
293 2534 407 2602 dicem
425 2534 495 2606 quia
508 2534 639 2605 requiem
653 2535 736 2590 vobis
749 2535 780 2590 in
797 2536 907 2601 futuro,
919 2539 948 2589 et
1001 2534 1126 2606 liguram
1138 2535 1255 2590 Christi.
1267 2535 1340 2591 Nam
1352 2539 1428 2593 sicut
1437 2540 1584 2597 Abrabam
1596 2546 1726 2617 unicum,
1738 2554 1766 2604 et
1780 2550 1823 2605 di-

123 2626 153 2681 in
167 2622 504 2681 mundotribulationem
513 2623 657 2695 promisit.
666 2623 698 2679 ln
709 2625 830 2691 mundo,
840 2622 947 2695 inquit,
1001 2621 1107 2678 lectum
1122 2623 1214 2679 filium
1227 2629 1281 2679 beo
1295 2625 1444 2682 victimam
1455 2629 1580 2698 obtulit,
1597 2633 1638 2688 ita
1648 2634 1725 2693 Deus
1738 2637 1825 2694 Pater

123 2712 342 2770 tribulationem
358 2711 504 2767 habebitis
524 2711 634 2782 (llatth.
650 2728 728 2780 xxrv,
743 2713 791 2783 9),
815 2717 844 2768 et
860 2728 867 2768 :
892 2712 948 2776 Oui
1002 2713 1122 2767 unicum
1132 2712 1237 2768 Filium
1249 2729 1337 2768 suum
1347 2731 1399 2786 pro
1411 2716 1495 2772 nobis
1505 2719 1643 2778 omnibus
1652 2725 1783 2782 tradidit.
1791 2730 1825 2783 nt

124 2819 184 2860 non
199 2801 343 2875 acceperit
358 2816 473 2857 crucem
489 2817 585 2867 suam,
600 2806 630 2857 et
650 2806 771 2858 secutus
787 2817 833 2857 me
849 2800 946 2871 luerit,
1001 2800 1078 2855 sicut
1089 2801 1169 2856 lsaac
1182 2801 1244 2872 ipse
1256 2800 1312 2857 sibi
1327 2801 1405 2873 ligna
1417 2805 1559 2877 portabat,
1573 2810 1681 2880 quibus
1694 2820 1756 2869 erat
1771 2832 1824 2871 rm·

123 2908 183 2947 non
198 2894 244 2946 ast
258 2906 304 2945 me
319 2889 426 2962 dignus
442 2887 549 2960 (llottb.
573 2905 601 2959 x,
626 2889 681 2956 38;
705 2890 788 2945 lloro.
811 2906 872 2954 vui,
892 2890 946 2957 3113
1002 2887 1822 2973 ponendus;itaetchristusgcstabatinhumerislignum

123 2979 315 3049 Lac.1x,23)3
332 2978 497 3034 etiterum:
511 2975 794 3048 anteprincipes,et
809 2977 948 3049 presides
1002 2976 1108 3041 crocis,
1124 2975 1153 3030 in
1177 2992 1235 3047 quo
1259 2982 1322 3033 erat
1345 2980 1570 3052 crucifigendus.
1587 2985 1670 3041 Arios
1692 2993 1738 3045 ost
1757 3007 1823 3049 caro

126 3070 267 3126 inducent
280 3084 331 3124 vos
345 3076 465 3140 propter
480 3081 526 3121 me
540 3065 647 3135 (llottlt.
666 3083 695 3135 x,
716 3067 769 3134 18;
785 3066 867 3134 lloro,
883 3084 946 3135 xru,
1002 3063 1119 3120 Christi.
1133 3064 1212 3119 lsaac
1222 3063 1338 3120 oblatus
1349 3070 1403 3133 est,
1415 3071 1444 3124 et
1454 3086 1511 3125 non
1522 3075 1568 3127 est
1581 3073 1761 3149 interiectus,
1772 3081 1824 3138 sed

125 3157 293 3230 9).Abraba
301 3172 369 3213 vero
378 3158 497 3211 econtra
504 3153 715 3222 factumest,et
726 3160 829 3211 contra
842 3154 950 3228 quippo
964 3141 987 3208 C
1004 3153 1080 3209 aries
1094 3157 1232 3220 tantum
1253 3155 1293 3208 ita
1314 3158 1344 3210 et
1364 3155 1497 3213 Christus
1514 3159 1543 3214 in
1559 3163 1695 3232 passione
1709 3165 1825 3226 oblatus

127 3244 354 3319 promissionem
369 3243 395 3298 ei
411 3241 612 3313 imperabatur
625 3250 658 3296 ut
679 3242 798 3309 laceret,
813 3247 841 3298 et
855 3258 950 3315 neque
1004 3246 1058 3312 est,
1075 3242 1125 3297 sed
1143 3241 1279 3298 divinitas
1294 3243 1487 3316 impassibilia
1508 3251 1627 3307 mansit.

127 3335 171 3391 sio
184 3334 321 3389 turbatus
335 3335 496 3403 est,neque
511 3331 673 3403 obstupuit,
686 3347 738 3387 nea
753 3347 785 3389 se
797 3332 950 3403 deceptum
1042 3329 1139 3385 ·Fid0
1163 3334 1191 3384 fil
1214 3331 1249 3385 de
1272 3330 1378 3389 suturis
1402 3333 1550 3393 benedillst
1573 3340 1663 3410 1⁸³⁸&
1683 3342 1772 3402 ³8⁰⁰b
1797 3353 1827 3405 θῐ

128 3420 337 3479 arbitrabatur.
353 3419 411 3475 Vos
426 3423 525 3475 autem
541 3419 613 3474 nihil
629 3424 709 3476 extra
723 3421 949 3493 promissionem
1003 3420 1090 3475 Esau.
1105 3441 1119 3469 a
1134 3419 1261 3489 Futuris,
1273 3437 1331 3476 non
1347 3421 1479 3480 laturum
1491 3427 1630 3485 aesculum
1642 3431 1824 3505 signillcaus,

125 3509 273 3583 patimini,
284 3513 314 3565 et
326 3507 611 3564 conturbamini.llle
623 3525 688 3565 vero
699 3511 845 3565 contraria
855 3527 950 3583 repro·
1003 3509 1053 3565 sed
1070 3509 1168 3564 lutura
1183 3507 1272 3579 hujus
1287 3510 1396 3578 seculi,
1412 3513 1448 3569 de
1463 3531 1521 3586 quo
1536 3518 1678 3576 Dominus
1699 3522 1771 3579 dicit
1794 3525 1824 3582 in

128 3597 262 3655 missioni
277 3597 415 3654 audiebat
428 3597 465 3653 ab
481 3598 583 3654 eodem
600 3597 675 3669 ipso,
692 3598 741 3670 qui
766 3598 817 3654 illa
840 3599 949 3671 promi·
1002 3597 1177 3670 Evangelio:
1195 3598 1274 3661 0¹¹⁰d
1292 3621 1305 3649 “
1319 3598 1403 3655 “¹⁰¹5
1420 3603 1578 3676 1³¹⁸⁰Ph0taes
1591 3611 1620 3663 θῑ
1635 3624 1718 3685 leges
1729 3614 1825 3670 V⁰¹¹¹⁹·

126 3691 215 3754 serat,
231 3691 259 3742 et
284 3703 342 3742 non
366 3687 606 3743 conturbabatur.
625 3687 703 3755 Fide,
720 3687 826 3759 inquit,
843 3688 949 3744 obtulit
1003 3691 1073 3741 runt
1087 3687 1184 3742 videre
1209 3704 1272 3758 qua
1300 3705 1350 3744 vos
1374 3689 1488 3760 videtis,
1504 3699 1533 3750 et
1556 3712 1613 3752 non
1636 3698 1781 3770 viderunt,
1797 3707 1826 3759 et

125 3775 949 3849 Abrahamlsaac.0uidergotlgnorabatlleusquiat'ortis
1002 3775 1104 3830 audire
1116 3792 1179 3846 quae
1192 3776 1312 3843 auditis,
1323 3782 1351 3831 et
1366 3794 1423 3834 non
1436 3780 1594 3839 audierunt
1604 3786 1680 3856 (tac.
1696 3805 1725 3856 x,
1740 3791 1795 3862 24).
1809 3812 1823 3844 a

125 3864 710 3938 eratillevir,etprobahilistQuareergo
721 3881 788 3921 eum
800 3865 949 3921 tentabat?
1002 3864 1032 3919 Si
1046 3863 1124 3918 enim
1148 3868 1300 3935 propterea
1321 3882 1379 3920 non
1398 3866 1582 3926 revelabatur
1598 3873 1687 3930 Pilius
1702 3877 1825 3949 quibus·

125 3955 189 4010 Non
202 3958 234 4010 ut
247 3955 310 4027 ipse
321 3958 519 4026 cognosceret,
531 3953 582 4008 sed
599 3957 632 4008 ut
645 3952 711 4008 aliis
721 3953 947 4021 demonstraret,
1003 3951 1082 4017 dam,
1095 3957 1212 4023 propter
1223 3952 1423 4009 infirmitatem
1436 3971 1548 4027 eorum,
1561 3962 1610 4031 qui
1624 3978 1691 4018 eunr
1707 3982 1765 4021 non
1777 3984 1826 4039 po·

124 4048 155 4101 et
177 4043 363 4100 manifestam
379 4044 443 4113 ejus
458 4041 661 4097 fortitudinem
677 4042 868 4098 constitueret
883 4042 947 4098 uni·
1004 4043 1099 4095 terant
1112 4040 1254 4111 excipere,
1265 4046 1466 4098 verumtamen
1483 4043 1606 4119 illisqui
1623 4050 1739 4108 virtutis
1755 4055 1824 4110 cba-

122 4132 226 4188 Μὴ,
239 4132 270 4186 In
286 4130 341 4187 hoc
356 4130 419 4186 ¹⁰00
434 4128 663 4186 ammomum
677 4146 797 4187 causam
812 4130 948 4188 tentatio.
1003 4128 1088 4183 ritate
1104 4128 1265 4201 fulgebant,
1277 4128 1469 4188 revelabatur.
1481 4132 1516 4188 nt
1530 4134 1584 4191 hoc
1600 4138 1686 4195 etiam
1701 4142 1825 4214 Aposto-

123 4238 207 4288 num,
219 4238 254 4277 ne
270 4224 407 4294 putarent
420 4224 561 4290 tanquam
577 4219 732 4275 derelictas
747 4237 765 4275 a
779 4220 837 4276 Deo
853 4218 902 4277 ille
917 4237 949 4278 se
1002 4217 1049 4273 lus
1065 4215 1145 4288 dicit,
1161 4217 1231 4288 quia
1246 4234 1296 4290 por
1311 4218 1398 4274 fidem
1414 4236 1463 4275 eos
1479 4222 1627 4281 benedixit
1642 4227 1740 4286 lutura
1755 4246 1825 4303 prc-

122 4308 289 4383 perpretata
306 4308 396 4381 igitur
410 4307 451 4363 ita
466 4308 602 4380 probatos
617 4307 794 4364 tentationes
810 4309 947 4382 reddunt,
1002 4306 1104 4361 videns
1118 4323 1125 4374 ;
1141 4306 1210 4378 quia
1228 4311 1257 4362 et
1270 4306 1361 4362 Jacob
1377 4308 1499 4380 liguram
1515 4312 1632 4383 Christi,
1649 4317 1709 4375 sive
1724 4319 1824 4392 populi

123 4402 158 4454 ut
172 4398 261 4453 etiam
272 4414 330 4453 non
343 4396 486 4453 existente
496 4413 596 4462 causa,
609 4396 687 4452 Deus
700 4400 800 4452 tamen
816 4403 949 4454 exerceat
1002 4395 1160 4451 Christiani
1175 4396 1318 4467 gestabat,
1334 4396 1409 4452 Esau
1426 4414 1491 4455 vero
1505 4402 1619 4458 ludoici
1634 4406 1738 4475 (tlte).

124 4503 196 4544 auos
208 4485 344 4555 athletas,
356 4485 617 4559 multomagisvos
628 4487 664 4541 ob
675 4501 736 4541 rem
747 4489 948 4559 cunctaopor·
964 4509 987 4574 D
1038 4506 1052 4533 «
1070 4482 1138 4538 Fide
1152 4483 1241 4538 Jacob
1257 4483 1395 4551 moriens,
1412 4484 1544 4558 ⁸5⁰8⁰l⁰⁸
1564 4489 1693 4548 fi¹i⁰f¹¹ffl
1713 4495 1824 4569 ³⁰⁵0Ph

110 4579 165 4647 ,tet
180 4575 295 4631 sortiter
309 4573 443 4630 tolerare.
462 4575 615 4647 Eleganter
629 4573 796 4646 exemplum
814 4575 894 4630 bone
912 4577 948 4630 ll-
1003 4572 1159 4634 benedixit.
1171 4577 1199 4628 at
1209 4572 1340 4628 adoravit
1351 4574 1499 4645 fastigium
1513 4578 1600 4651 virga
1612 4582 1686 4652 ejus.
1699 4605 1713 4632 »
1725 4584 1786 4641 lmo
1796 4590 1826 4657 et

123 4664 170 4720 dei
182 4665 218 4720 ab
233 4663 298 4736 ipso
309 4663 475 4735 patriarcba
484 4663 598 4719 monuit
608 4679 674 4719 esse
686 4663 871 4730 discendum,
884 4681 948 4737 pro-
1002 4661 1065 4734 ipse
1075 4662 1163 4717 iacob
1174 4678 1226 4733 per
1236 4662 1323 4716 tidem
1334 4662 1483 4719 benedixit
1494 4666 1627 4738 singulos
1638 4670 1764 4729 liliorum
1774 4674 1824 4729 Jo-

122 4769 232 4809 vocans
245 4752 380 4808 videlicet
399 4768 460 4823 eos,
473 4752 522 4824 qui
538 4753 573 4808 de
586 4752 696 4808 iudeis
711 4752 904 4822 crediderant,
917 4759 949 4809 ut
1003 4750 1085 4823 seph,
1102 4750 1252 4823 Ephraim,
1266 4755 1294 4805 et
1309 4751 1484 4817 Manassem
1496 4754 1525 4810 id
1541 4762 1594 4826 est,
1608 4760 1681 4816 duos
1696 4767 1822 4819 tautum.

124 4843 212 4913 quasi
227 4841 308 4897 bone
326 4841 441 4896 soboles
457 4841 544 4912 primi
568 4846 598 4896 et
622 4840 802 4898 maximiani
819 4844 948 4913 parentis
1003 4842 1069 4897 ldeo
1080 4839 1188 4912 singuli
1202 4840 1348 4909 dicuntur,
1362 4840 1432 4911 quia
1447 4860 1688 4923 unumquemque
1700 4853 1736 4908 de
1752 4853 1824 4908 duo·

123 4933 208 4986 actus
223 4935 425 5002 sequerentur·
438 4929 472 4984 Et
486 4929 625 5000 quoniam
640 4945 700 5000 θος,
715 4946 751 4985 ,10
767 4932 796 4985 jn
812 4932 946 4987 pomario.
1003 4928 1058 4984 bus
1075 4928 1197 4984 seorsim
1212 4928 1369 4984 benedixit.
1385 4930 1457 4987 Nam
1483 4950 1535 5005 per
1557 4939 1710 5010 majorem,
1726 4941 1755 4994 id
1780 4942 1826 4995 est

122 5017 212 5074 nibus
228 5019 394 5086 delicerent,
411 5022 440 5074 et
461 5022 495 5073 ut
509 5018 596 5073 tidem
613 5033 697 5073 suam
714 5034 764 5089 per
778 5034 866 5089 opera
880 5038 947 5092 pro.
1002 5034 1054 5090 per
1068 5018 1233 5084 Manassen,
1249 5019 1436 5090 praellgurare
1451 5021 1543 5079 voluit
1558 5028 1698 5098 populum
1708 5027 1823 5082 ludeo·

121 5106 238 5175 barent,
254 5108 441 5175 admonebat,
458 5106 577 5179 elegans
601 5106 637 5161 de
663 5105 830 5176 patriarcba
851 5108 949 5178 posuit
1003 5124 1068 5162 rum
1083 5126 1088 5173 ;
1106 5123 1157 5179 per
1172 5106 1315 5162 minorem
1330 5123 1406 5178 vero,
1424 5112 1566 5184 populum
1581 5114 1822 5173 Christianorum·

121 5197 300 5268 exemplum,
318 5214 369 5270 per
387 5197 462 5270 {⁰011
479 5212 529 5252 θος
545 5196 576 5250 in
591 5200 715 5266 utraque
729 5193 836 5251 virtute
851 5203 948 5267 posset
1002 5195 1219 5252 Duorumenim
1230 5193 1355 5251 filiorum
1368 5197 1597 5256 benedictionem
1610 5202 1825 5273 priuscomme-

120 5284 287 5342 instituere.
305 5285 372 5350 Qua
387 5286 467 5342 enim
482 5285 606 5342 tentatio
622 5285 726 5355 maior,
742 5285 870 5356 exceptis
889 5285 946 5354 his,
1002 5301 1116 5340 morare
1127 5283 1267 5350 volutant
1277 5285 1486 5359 perlastigium
1497 5289 1584 5359 virga
1594 5289 1824 5348 adorandalides

120 5389 188 5446 qua
204 5375 240 5431 ad
256 5374 365 5447 proprii
381 5374 512 5447 corporis
526 5372 675 5446 pertinent
688 5371 800 5445 plagas,
817 5373 947 5430 waldem
1002 5375 1077 5446 ejus,
1089 5376 1118 5429 et
1132 5372 1285 5445 prophetia
1299 5375 1510 5431 ostenderetur.
1524 5375 1556 5430 ln
1571 5375 1654 5448 virga
1668 5377 1748 5435 anim
1762 5376 1823 5450 illa,

155 5479 248 5553 (llas)
264 5480 305 5536 ltu
319 5497 382 5553 qua
397 5480 606 5550 expositionem
626 5481 757 5561 nostram
771 5477 802 5536 in
821 5495 856 5538 ea
874 5481 963 5546 verba
976 5498 1051 5542 vers.
1068 5480 1102 5538 12
1116 5479 1205 5554 huius
1219 5495 1295 5556 cap,
1309 5482 1421 5554 propter
1435 5478 1506 5555 qaod
1519 5483 1544 5539 st
1556 5480 1591 5540 ob
1605 5497 1660 5543 isco
1674 5485 1730 5545 orti
1743 5490 1821 5570 sart,

119 5555 153 5616 et
167 5552 303 5630 superius
318 5552 457 5627 traditam
472 5551 600 5614 maxime
613 5549 748 5611 tulerunt.
