3908 6096
114 273 174 345 tte

623 285 793 350 aaronis
816 281 1109 347 renuntiauere
1130 280 1309 345 uniscunt
1762 277 1821 341 tte

115 411 317 470 Animadverte
329 415 419 472 etiam
434 420 503 490 quia
519 437 575 476 non
592 421 795 478 misericordiae
810 422 937 486 Patrem,
954 428 980 493 Α
995 416 1160 488 quia‚sicut
1174 415 1376 472 causasalutis
1387 431 1507 471 suorum
1519 413 1686 470 auditorum
1696 413 1823 471 tribula·

117 503 166 557 sed
183 503 451 563 misericordiarum
477 526 539 565 esso
564 512 644 575 dicit,
661 512 771 566 scilicet
796 511 937 582 quianon
995 508 1112 573 bant-ur,
1123 507 1164 560 sic
1180 510 1208 560 et
1222 523 1322 560 corum
1335 503 1538 560 causasalutis
1551 505 1586 559 ab
1603 504 1715 559 eisdem
1729 504 1822 559 tribu-

117 590 212 646 solum
228 592 257 647 in
275 595 451 667 baptismate
468 605 583 670 peccata
600 603 731 672 remittit,
744 603 793 656 sed
810 601 896 655 etiam
909 600 939 652 in
994 594 1154 650 lationibus
1165 596 1353 662 eruebantur,
1365 599 1394 649 et
1408 593 1470 649 suis
1482 592 1679 648 reddebantur
1692 610 1698 659 ;
1718 598 1823 664 quate-

41 708 44 715 ·
117 680 309 753 paenitudine,
327 690 355 739 et
378 687 473 741 cordis
497 689 689 758 contritione;
707 690 766 747 sive
789 691 859 761 qnia
882 705 940 742 non
995 684 1122 754 nosipsi
1139 684 1166 738 in
1185 685 1240 739 aas
1265 685 1532 739 corroborarentur.
1551 681 1625 736 lllud
1640 698 1711 736 sane
1728 683 1822 738 scien·

118 767 213 847 solum
231 778 348 844 peccata
372 775 504 842 dimittit,
522 780 572 834 scd
588 785 615 835 et
631 780 747 851 pristini
772 780 880 852 gradus
896 778 940 832 di·
995 774 1077 843 dum,
1091 773 1160 844 quia
1176 779 1343 828 sanctorum
1360 772 1581 844 predicatorum
1594 770 1822 837 sl'llictio,tribu·

118 856 258 928 gnitatem
274 862 386 929 reddit;
404 864 463 919 sire
484 867 553 936 quia
580 885 637 923 non
654 869 752 933 unius,
768 873 818 923 aut
834 882 940 939 pauco·
996 862 1078 928 latio,
1089 880 1121 917 ac
1137 862 1245 933 passio,
1258 862 1429 917 scandalum
1440 859 1819 933 poteratesseauditorum3

118 963 195 1018 rum,
212 950 261 1004 sed
279 951 449 1022 multorum,
467 955 525 1009 imo
548 958 680 1012 omnium
698 964 882 1030 peccatorum
898 962 942 1011 ost
996 953 1075 1024 quia,
1092 953 1162 1006 dum
1180 969 1250 1007 suos
1265 953 1398 1007 doctores
1413 952 1549 1006 videbant
1562 949 1591 1007 vi
1607 966 1776 1020 oppressos,
1790 965 1822 1005 ae

118 1037 270 1093 relaxator.
998 1041 1123 1099 diversis
1140 1041 1283 1097 laceratos
1298 1038 1507 1108 tormentis,illi
1519 1039 1700 1111 quoque,qui
1714 1039 1822 1094 infirmi

156 1126 293 1198 Sequitur
310 1148 316 1185 :
331 1133 364 1186 Et
380 1134 448 1188 beta
473 1136 555 1189 totius
579 1137 783 1192 ceresolationis.
802 1135 942 1191 Animad-
998 1136 1081 1185 erant
1096 1129 1125 1185 in
1142 1130 1208 1199 fide,
1226 1130 1417 1184 scandalizari
1433 1133 1587 1201 poterent;
1603 1127 1732 1199 eoquod
1749 1128 1822 1199 ipso·

119 1217 287 1288 vurlensis,
305 1235 372 1275 cuni
389 1226 459 1278 Deus
475 1225 559 1279 totitas
568 1226 763 1280 coniectationis
778 1225 857 1290 dicit,
868 1222 942 1278 ιιιιιι-
998 1237 1062 1274 rum
1081 1219 1307 1290 promissionem
1323 1223 1474 1274 crederent
1495 1219 1666 1273 frustratam
1685 1221 1825 1273 :econtra

119 1307 164 1360 tas
189 1305 252 1360 vult
277 1311 431 1365 ostendere
464 1313 680 1384 tribulationes,
711 1314 849 1386 quoniam
880 1312 942 1367 aliae
997 1309 1038 1362 illi
1056 1311 1105 1379 qui
1118 1309 1181 1378 jam
1198 1309 1375 1363 corroborati
1392 1313 1476 1362 erant
1491 1308 1520 1361 in
1536 1308 1602 1374 lide,
1614 1307 1686 1361 dum
1698 1322 1748 1362 eos
1764 1306 1823 1377 pali

120 1398 200 1459 sunt,
215 1413 278 1467 quae
294 1398 407 1454 amalis
423 1399 602 1471 bominibus,
616 1402 766 1466 allevare,
783 1420 846 1474 qum
859 1401 943 1457 adia·
997 1399 1163 1468 cernebant,
1181 1400 1322 1469 optabant
1348 1415 1378 1453 se
1405 1398 1500 1453 socios
1515 1398 1577 1452 fieri
1594 1396 1821 1452 tribulationum

119 1483 185 1538 bolo
202 1485 380 1542 inferuntur.⁴
395 1494 458 1560 lpse
480 1509 617 1562 namque,
635 1494 703 1564 quia
729 1495 764 1547 ab
780 1492 827 1547 his
848 1489 942 1545 omni·
997 1504 1030 1542 ac
1044 1488 1225 1558 passionum,
1238 1493 1270 1542 ut
1281 1494 1400 1558 possent
1413 1504 1477 1543 esse
1489 1485 1823 1543 consorteseonsolalio·

120 1573 176 1627 bus
192 1571 305 1642 liberat,
321 1576 386 1633 ideo
401 1580 477 1635 Deus
494 1582 583 1636 totius
599 1581 808 1637 consolationis
823 1597 887 1636 esse
902 1579 944 1634 di·
998 1576 1063 1632 nis:
1080 1577 1115 1632 lit
1129 1577 1193 1631 ideo
1209 1577 1280 1631 dicit
1297 1594 1303 1632 :
1320 1578 1387 1648 Spes
1412 1585 1508 1632 nostra
1522 1577 1605 1646 pruna
1618 1582 1659 1631 est
1674 1592 1725 1647 pro
1740 1575 1822 1631 uobis.

120 1660 206 1717 citur.
224 1665 305 1729 Quod
322 1682 388 1721 mox
412 1670 589 1738 manifestat,
607 1688 673 1726 cum
699 1670 851 1742 subjunxit
867 1686 872 1723 :
891 1669 944 1737 Qui
998 1667 1042 1730 tat,
1059 1667 1143 1738 quasi
1154 1667 1382 1738 interrogassent
1394 1684 1457 1738 quo
1471 1671 1518 1721 est
1530 1682 1598 1737 spes
1612 1671 1665 1722 toa
1677 1666 1762 1720 tirma
1774 1680 1824 1736 pro

119 1752 277 1808 consolatur
287 1770 336 1809 uos
353 1755 381 1810 in
397 1760 475 1814 ontni
488 1760 670 1816 tribulatione
684 1765 789 1815 nostra.
806 1757 942 1814 Consola-
999 1756 1093 1823 nobie,
1110 1757 1266 1827 respondet
1281 1757 1341 1826 ipss
1359 1775 1366 1811 ε
1383 1756 1502 1812 Scientes
1517 1758 1660 1827 quoniam,
1671 1757 1744 1809 sicut
1757 1755 1825 1810 socii

120 1843 168 1893 tur
183 1839 290 1912 quippe
304 1861 373 1899 suos
390 1863 478 1902 causa
500 1849 604 1904 salutis
618 1849 753 1905 aliorum.
770 1850 804 1903 ut
820 1849 873 1903 hoc
889 1850 943 1915 est,
997 1847 1157 1916 passionum
1179 1847 1257 1908 estis,
1274 1851 1328 1899 etc.
1343 1863 1349 1911 ;
1366 1846 1451 1916 qnasi
1476 1844 1542 1900 aliis
1557 1843 1653 1900 verbis
1678 1842 1822 1900 dixisset:

122 1928 198 1999 quod
215 1931 256 1985 ait
272 1949 278 1986 ι
297 1934 329 1988 llt
344 1937 480 2004 possimus
502 1943 528 1992 et
544 1941 597 2009 ipsi
622 1940 757 1994 consolari
781 1954 833 2003 eos,
851 1939 898 2009 qui
914 1938 942 1991 in
998 1934 1078 1988 Adeo
1094 1933 1170 1987 firmi
1188 1950 1292 1987 sumus
1307 1933 1342 1987 de
1357 1933 1451 2001 vobis,
1464 1938 1496 1986 ut
1510 1932 1665 1986 credamus
1682 1929 1824 2001 quianon

121 2019 200 2072 aerini
212 2035 341 2090 pressura
355 2028 428 2079 sant.
445 2026 520 2080 Sane
544 2028 695 2082 sciendum
720 2028 788 2099 quia
802 2028 859 2081 duc
875 2030 945 2080 sunt
999 2021 1095 2078 solum
1107 2022 1143 2077 de
1158 2022 1266 2077 nostris
1284 2021 1523 2077 tribulationibus
1538 2037 1594 2075 non
1612 2019 1824 2075 scandalizabi-

120 2123 227 2177 genera
240 2109 438 2167 tribulationis
450 2130 456 2168 τ
467 2131 559 2170 unum
575 2116 801 2187 videlieet,quod
815 2133 831 2169 a
846 2131 944 2187 perse·
999 2110 1083 2175 mini,
1101 2113 1150 2167 sed
1167 2111 1264 2182 potius
1279 2110 1445 2182 gaudebitis
1456 2111 1551 2166 socios
1567 2127 1618 2164 vos
1634 2109 1699 2165 beri
1714 2108 1823 2180 passio-

122 2195 284 2261 cntoribus,
296 2201 788 2271 elquibuslibetmalisbominibus
803 2203 944 2270 infertum
1001 2217 1083 2265 num,
1100 2204 1133 2254 ut
1156 2200 1274 2271 possitis
1288 2216 1362 2266 esse,
1379 2205 1407 2255 et
1429 2199 1647 2256 consolationis.
1664 2197 1742 2254 lllud
1758 2213 1823 2253 sane

122 2282 247 2339 alterum
263 2302 328 2341 vero
343 2304 447 2360 genus,
463 2293 540 2361 quod
554 2309 587 2347 ex
610 2292 787 2365 paenitudine
804 2291 943 2347 nascitur.
1000 2290 1163 2355 sciendum,
1181 2289 1315 2360 quiahoc
1331 2306 1388 2344 non
1399 2289 1495 2345 solum
1512 2288 1562 2343 illo
1576 2286 1822 2360 temporeageba·

121 2375 181 2427 Hoc
197 2390 312 2445 quoque
337 2393 392 2431 non
419 2379 517 2435 minus
541 2379 601 2448 illo,
619 2381 758 2452 quoniam
780 2379 853 2435 illud
878 2395 944 2434 cum
999 2382 1058 2442 tur,
1071 2380 1122 2433 sed
1139 2385 1166 2433 et
1182 2395 1259 2433 nunc
1271 2380 1377 2448 agitur.
1389 2377 1474 2434 Verbi
1491 2379 1586 2450 gratia
1601 2383 1665 2433 :est
1679 2377 1788 2448 aliquis
1796 2375 1822 2431 ia

123 2460 223 2518 latitia
246 2463 312 2518 lerri
330 2471 442 2536 potest3
467 2469 520 2524 boo
544 2486 622 2535 vero,
638 2474 780 2542 quantum
806 2487 863 2525 non
888 2467 946 2524 nisi
1000 2467 1128 2523 Ecclesia
1154 2473 1230 2524 recte
1254 2469 1385 2535 credens,
1402 2474 1536 2539 recteque
1559 2466 1719 2533 vivens‚cui
1737 2464 1823 2521 siali-

126 2566 192 2605 cum
207 2551 480 2625 tristitiababetur;
499 2558 576 2631 quia,
588 2561 658 2614 dum
676 2560 762 2615 bomo
778 2558 946 2614 recordatur
1001 2573 1064 2627 quae
1080 2556 1214 2612 accidant
1224 2556 1440 2621 tribulationes,
1450 2555 1714 2628 persecutiones‚et
1723 2555 1822 2609 adver-

123 2656 244 2697 sucrum
261 2648 560 2719 peccatorum,proeis
578 2648 662 2703 timet
675 2645 946 2720 puniriripoetolici
1001 2645 1112 2713 sitates,
1130 2645 1183 2714 itti,
1200 2646 1250 2717 qui
1267 2645 1296 2700 in
1322 2645 1443 2701 eeclesia
1458 2645 1566 2700 infirmi
1582 2651 1663 2712 sunt,
1678 2644 1748 2698 dum
1765 2643 1824 2698 hee

124 2746 240 2802 quoque
255 2732 319 2799 viri,
337 2733 433 2790 ideoa
453 2736 651 2804 tribulatione,
669 2754 732 2810 qua
748 2754 763 2790 a
781 2740 946 2808 persecuto·
1000 2734 1109 2802 vident,
1125 2735 1216 2790 vitant
1234 2734 1325 2800 illius,
1342 2752 1432 2806 qnam
1447 2736 1529 2807 prius
1545 2733 1724 2793 venerationi
1739 2733 1825 2789 habe·

124 2818 206 2876 ribus
221 2820 409 2888 inferebatur,
426 2822 636 2894 liberabantur,
652 2830 684 2879 ut
704 2825 769 2880 aliis
786 2824 901 2879 stilletis
917 2822 946 2876 in
1002 2824 1082 2890 bant,
1099 2824 1249 2895 despectui
1263 2825 1375 2879 ducnnt
1391 2841 1398 2878 z
1414 2825 1491 2896 quod
1515 2825 1550 2879 de
1566 2823 1670 2878 amicis
1684 2824 1740 2878 Job
1756 2821 1825 2894 legi-

124 2907 303 2979 poenitudine
318 2912 546 2969 consolationem
563 2919 682 2985 possent
707 2913 945 2970 subministrare.
1001 2916 1050 2967 tur
1064 2917 1162 2968 actum
1177 2929 1184 2966 ε
1201 2913 1255 2983 ipsi
1268 2913 1347 2969 enim
1359 2913 1451 2969 sancti
1464 2913 1607 2979 vixerunt,
1618 2918 1647 2967 et
1657 2912 1714 2967 lob
1730 2919 1826 2966 sanate

123 3000 158 3052 lit
173 2997 227 3052 baa
242 3001 376 3074 estquod
394 3002 474 3072 dicit,
490 3011 521 3059 ut
538 3005 677 3075 possimus
692 3012 717 3058 et
735 3005 794 3075 ,ipa
809 3002 948 3059 consolari
1001 3002 1095 3058 vivere
1111 3002 1308 3068 crediderunt,
1331 3003 1424 3057 donec
1440 3018 1611 3075 percussum
1626 3017 1696 3057 eum
1714 3017 1773 3056 nan
1787 2999 1825 3054 ai·

124 3102 180 3154 eas,
197 3092 251 3143 etc.
267 3113 274 3155 ;
290 3106 323 3144 ac
336 3089 360 3146 si
376 3090 485 3148 diceret
501 3110 507 3148 :
524 3093 590 3149 ldeo
605 3093 765 3148 liberamur
779 3109 795 3148 a
811 3107 947 3163 perseeu-
1005 3092 1129 3158 derunt;
1147 3108 1213 3146 mox
1229 3107 1295 3146 vero
1311 3095 1344 3146 ut
1358 3095 1499 3158 tentatus,
1512 3107 1683 3161 percussus,
1694 3095 1726 3145 et
1739 3087 1829 3145 omni·

126 3176 250 3243 toribus,
267 3182 299 3233 ut
313 3179 394 3235 vobis
409 3180 525 3237 altlictis
546 3182 775 3238 consolationem
801 3179 948 3236 submini-
964 3166 985 3232 G
1003 3181 1059 3236 bus
1075 3185 1120 3236 est
1135 3181 1345 3252 temporalibus
1362 3180 1447 3236 banis
1463 3181 1601 3246 nudatus,
1617 3180 1647 3234 in
1658 3179 1830 3251 increpatio·

125 3269 263 3334 suemus,
288 3271 475 3325 ostendentes
498 3270 575 3342 quod
598 3271 675 3327 Deus
700 3270 847 3327 neminem
871 3269 900 3325 in
917 3284 948 3324 se
1002 3284 1068 3324 nem
1081 3269 1829 3340 proruperunt‚credentesejusbonancnveresess

126 3355 319 3423 credentium,
335 3357 406 3412 velit
421 3360 522 3430 perire.
1003 3357 1089 3422 bans,
1106 3358 1158 3412 sed
1183 3355 1332 3412 simulata.
1349 3357 1414 3412 llaeo
1438 3358 1527 3412 etiam
1553 3372 1631 3412 nune
1646 3357 1677 3412 in
1703 3356 1830 3412 Ecclesia

161 3442 300 3514 Sequitur
328 3464 334 3500 :
367 3447 504 3514 Quoniam
532 3451 604 3503 aierit
637 3450 782 3503 abundant
809 3449 948 3519 passiones

126 3529 230 3586 Christi
245 3532 276 3586 in
291 3534 378 3599 nebia,
395 3540 449 3590 etc.
465 3535 545 3590 Talis
566 3542 613 3592 est
627 3553 742 3601 sensus,
760 3537 844 3606 qussi
860 3534 948 3590 dixis·

128 3623 173 3675 set
189 3636 196 3686 3
212 3619 344 3676 Christus
370 3629 467 3679 autem
492 3624 521 3678 in
546 3625 684 3679 omnibus
711 3623 951 3679 tribulationibus

129 3723 258 3778 presens
281 3710 366 3765 nohis
388 3713 483 3778 adest,
499 3730 552 3784 pro
575 3716 662 3784 cujus
685 3729 784 3769 amore
811 3713 950 3784 patimur,

130 3812 215 3868 opem
230 3813 290 3853 suu
314 3799 511 3858 miserationis
536 3802 702 3875 indulgens,
718 3807 747 3857 et
769 3807 901 3874 potenter
915 3801 951 3856 ab

130 3887 203 3958 ipsis
219 3888 460 3948 tribulationibus
469 3909 575 3948 eruens
585 3909 591 3947 :
602 3909 669 3948 nam
681 3897 777 3964 quota
789 3896 953 3963 persecuto·

131 3976 213 4032 ribus
228 3976 403 4050 ingeruntur
417 3981 579 4051 passiones,
593 3986 636 4036 tot
651 3998 668 4036 a
681 3981 795 4037 Christo
809 3980 952 4035 adminis-

131 4070 247 4121 trantur
259 4069 490 4135 consolationem
509 4072 588 4125 unde
604 4069 759 4126 psalmista
775 4086 781 4125 :
798 4069 954 4125 Secundum

130 4156 337 4212 multitudinem
359 4160 486 4214 dolorum
508 4161 593 4228 (Psoi.
609 4176 688 4225 xciii,
707 4160 760 4230 19),
776 4162 830 4213 cto.
848 4157 954 4229 Sequi·-

131 4249 179 4298 tur
196 4261 202 4297 :
218 4247 284 4300 eive
298 4255 390 4301 autem
405 4249 583 4317 tribulamur,
591 4264 642 4320 pro
655 4256 742 4303 uestra
758 4247 953 4317 tribulatione,

1003 3447 1116 3501 actitari
1126 3446 1230 3501 solent.
1243 3447 1424 3516 Quapropter
1435 3450 1593 3501 monentur
1602 3445 1645 3510 bi,
1657 3445 1706 3516 qui
1720 3443 1831 3500 infirmi

1004 3540 1073 3591 sunt
1088 3535 1117 3588 in
1135 3536 1200 3601 fide,
1218 3539 1250 3589 ut
1265 3535 1336 3589 adeo
1352 3535 1583 3602 crescentinus,
1599 3540 1629 3589 et
1643 3535 1832 3590 corroboren-

1003 3629 1062 3693 tur,
1078 3630 1223 3694 quatenus
1252 3628 1328 3679 reete
1357 3625 1509 3679 eredentes
1534 3625 1648 3694 possint
1674 3622 1830 3679 diceretis

1004 3711 1063 3768 illis
1079 3729 1086 3766 :
1103 3713 1168 3783 Spes
1180 3716 1274 3768 nostra
1288 3714 1371 3782 firma
1383 3723 1421 3767 est
1434 3729 1483 3784 pro
1499 3713 1584 3778 nobb,
1600 3716 1655 3767 etc.

1042 3802 1116 3874 (681)
1130 3802 1262 3857 Nolumus
1285 3811 1377 3857 autam
1394 3818 1437 3858 uos
1461 3804 1600 3872 ignorare,
1625 3807 1682 3856 stc.
1699 3803 1833 3872 Coeperat

1005 3890 1161 3963 Apostolus
1176 3892 1367 3961 semetipsum
1392 3907 1552 3962 proponere
1566 3889 1736 3961 exemplum
1758 3890 1831 3959 suis,

1007 3981 1076 4053 quia
1092 3980 1217 4035 sinuum
1234 3980 1350 4034 t'ucrant
1365 3978 1523 4051 redarguti,
1534 3983 1564 4034 et
1580 3978 1736 4049 increpati,
1750 3982 1781 4033 et
1794 3976 1828 4033 ob

1007 4070 1062 4125 boe
1091 4069 1254 4124 contristati
1279 4085 1285 4122 ι
1313 4072 1341 4122 el
1371 4067 1467 4122 adbuc
1496 4067 1526 4123 in
1553 4072 1648 4138 coepta
1670 4065 1832 4123 intentione

1008 4174 1206 4229 perseverans,
1214 4156 1284 4212 dicit
1295 4173 1301 4212 :
1318 4157 1449 4212 Nolumus
1462 4173 1507 4213 aaa
1518 4158 1662 4229 mnarum,
1672 4161 1731 4213 ete.
1744 4173 1752 4223 ;
1763 4171 1833 4226 qum

1008 4247 1033 4302 si
1049 4247 1157 4303 diceret
1172 4264 1178 4300 :
1196 4249 1289 4312 Quare
1305 4262 1380 4317 aegre
1395 4247 1469 4302 serre
1485 4244 1607 4310 debetis,
1622 4243 1648 4301 si
1663 4261 1718 4316 pro
1733 4260 1832 4318 paam*

131 4340 157 4388 et
169 4334 266 4404 saluta,
283 4339 338 4390 etc.
356 4336 432 4392 Sana
447 4338 620 4404 notandum,
638 4337 708 4409 quia
721 4337 895 4408 generaliter
909 4335 954 4391 lo-

131 4421 234 4493 quitur
255 4425 412 4495 Apostolus
437 4441 443 4479 :
470 4431 498 4480 et
521 4425 582 4480 baec
605 4426 712 4481 locutio
728 4424 872 4498 generalis
899 4431 953 4492 est,

131 4513 201 4584 quia
224 4514 362 4570 omnibus
386 4515 521 4571 convenit
544 4515 684 4586 apostolis
707 4515 778 4570 viris
797 4533 803 4570 :
819 4516 869 4570 sed
886 4530 953 4569 cum
969 4536 992 4600 D
1010 4513 1044 4569 Ut
1058 4513 1100 4568 illi
1117 4515 1269 4569 audientes
1292 4514 1507 4580 erubescerent,
1522 4529 1581 4569 non
1596 4511 1745 4584 patientes
1759 4511 1831 4569 israe

131 4601 212 4669 dicit,
227 4605 285 4658 aiae
300 4605 477 4673 tribulamur,
491 4621 543 4677 pro
565 4612 653 4660 uestra
667 4605 855 4669 tribulatione,
872 4607 897 4658 et
908 4619 953 4658 sa·
1009 4604 1237 4675 increpationem
1253 4603 1298 4658 sui
1316 4603 1459 4674 magistri.

132 4691 198 4758 lule,
232 4694 480 4766 subaudiendum,
518 4695 697 4750 tribulamur.
724 4692 954 4748 Tribulabantur
1043 4695 1118 4749 Asia.
1137 4692 1236 4747 Asiam
1253 4692 1395 4746 minorem
1413 4691 1575 4763 intelligere
1589 4691 1746 4748 debemus.
1762 4688 1833 4748 nisit

131 4783 624 4856 namqueaperseautions,quam
652 4783 836 4855 patiebantur
850 4797 953 4857 omnes
1009 4783 1087 4838 enim
1102 4781 1353 4852 Augustinus:Si
1370 4782 1406 4836 ad
1427 4797 1585 4836 numerum
1610 4777 1833 4847 referentem·

131 4871 285 4942 apostolici
300 4873 365 4944 viri,
382 4889 472 4928 causa
498 4873 603 4928 salutis
619 4889 741 4928 suorum
767 4873 952 4940 auditorum
1009 4870 1240 4945 pareestmundi
1256 4887 1262 4937 ;
1279 4870 1304 4924 si
1315 4870 1350 4924 nd
1361 4869 1762 4942 magnitudinem,medietas
1774 4871 1835 4927 sat:

131 4960 202 5033 quia
213 4977 266 5016 sua
281 4977 330 5016 eos
342 4962 547 5032 predicatione
557 4963 594 5016 ab
608 4962 694 5018 tidem
711 4966 857 5017 traxerant
869 4978 875 5016 :
888 4976 954 5032 sps·
1005 4959 1142 5032 jungitur
1157 4975 1294 5030 namque,
1312 4973 1347 5014 ex
1362 4958 1533 5018 occidentali
1544 4959 1618 5030 (682)
1635 4963 1728 5029 parte,
1740 4958 1832 5017 Meas·

130 5051 201 5106 ciale
216 5051 325 5124 quippe
335 5051 435 5107 odium
453 5052 578 5106 hocerat
593 5053 733 5107 adversus
748 5067 809 5118 eos,
820 5050 890 5122 quia
900 5065 956 5105 sua
1009 5048 1121 5116 doniae3
1138 5067 1172 5106 ex
1187 5047 1420 5120 septentrionali,
1433 5048 1506 5105 mari
1518 5048 1659 5116 Pontico;
1676 5065 1712 5105 ex
1727 5047 1834 5105 media·

132 5141 197 5196 illos
222 5142 357 5197 doctrina
371 5158 388 5197 a
403 5141 482 5197 cultu
512 5140 657 5196 idolorum
679 5141 870 5196 abduxerant.
892 5139 955 5195 Siue
1009 5156 1057 5208 na,
1072 5139 1239 5211 AEgyptiaco
1253 5136 1347 5204 mari;
1363 5154 1398 5193 ex
1421 5136 1566 5202 orientali,
1584 5136 1759 5208 Propontico
1774 5151 1832 5194 mas

130 5231 321 5297 exhortamur,
333 5246 382 5303 pro
394 5229 955 5296 vestraeabortatione,etsalutasubau·
1010 5229 1055 5284 ri:
1074 5245 1107 5283 ac
1122 5244 1172 5299 per
1185 5227 1239 5282 boc
1265 5226 1364 5282 insula
1387 5230 1441 5296 est,
1455 5225 1584 5283 diverses
1608 5230 1708 5285 umen
1723 5225 1835 5283 habene

132 5317 211 5372 ditur
235 5321 320 5391 (680),
350 5320 547 5376 exhortamur.
573 5320 730 5375 Sciendum
759 5323 803 5373 est
827 5333 956 5390 namque
1010 5317 1184 5390 provincias,
1211 5316 1239 5371 id
1265 5320 1321 5387 est,
1346 5314 1522 5387 bithyniam,
1548 5315 1763 5388 Pamphyliam,
1784 5315 1834 5388 br·

1008 4336 1046 4392 tis
1062 4335 1188 4391 aliarum
1201 4335 1272 4392 estis
1288 4336 1447 4407 redarguti,
1463 4352 1530 4391 cum
1547 4350 1599 4408 ego
1623 4350 1716 4391 causa
1729 4333 1833 4390 salutis

1008 4425 1133 4480 aliorum
1151 4426 1273 4480 diversis
1287 4424 1526 4485 tribulationibus
1536 4423 1675 4479 subditus
1689 4420 1831 4480 existam?

131 5480 140 5544 Ι
168 5480 242 5554 (680)
258 5483 289 5537 ln
306 5490 403 5554 eulog.
418 5482 602 5548 subauditur,
619 5482 644 5536 et
657 5479 956 5544 salittaeabortarnur:
1011 5477 1161 5532 duximus.

133 5568 222 5622 quam
231 5553 489 5635 transpositionem
502 5555 815 5638 verborum‚tanquam
829 5551 865 5606 ab
878 5567 956 5606 sma-
1047 5548 1120 5696 (tittlp
1137 5550 1168 5603 ln
1184 5554 1281 5622 eulog.
1292 5563 1392 5676 'mnrpf
1408 5548 1456 5605 bic
1471 5547 1577 5622 legitur
1590 5563 1656 5620 esp.
1673 5550 1709 5606 l-l.

133 5639 255 5684 nuensis
269 5625 382 5683 calamo
398 5641 549 5700 perperam
576 5628 724 5698 injectum,
740 5623 955 5680 emendandam
1046 5621 1109 5694 (b82
1133 5621 1237 5694 Autog.
1253 5623 1361 5679 attenta
1375 5639 1394 5677 ι.
