3908 6096
88 283 147 347 lDD
832 284 1047 348 urlsronAE.
1733 299 1792 360 ΗΟ

90 433 111 482 1,
126 417 204 487 epist.
214 415 261 488 75)
274 433 281 471 :
294 437 308 467 «
321 415 357 472 tot
370 433 424 473 nos
433 417 515 488 juxta
527 416 631 473 seriem
642 415 792 473 relationis
816 421 916 472 vestre
932 418 959 484 Α
974 420 1089 490 accipiet
1099 423 1124 474 ct
1138 421 1224 476 tritum
1231 429 1365 478 eternum
1372 423 1517 494 possidebit
1530 428 1639 495 (blatto.
1656 444 1714 496 xix,
1728 428 1791 500 29);

87 505 406 578 consuetudinemque
417 510 513 562 tamen
524 511 625 562 contra
640 506 727 561 fidem
738 505 912 562 catholicam
945 549 950 555 .
968 511 999 562 ut
1014 506 1120 564 Paulus
1131 497 1280 580 apostolus
1292 528 1298 566 τ
1311 512 1415 568 Ncnest
1429 515 1503 569 enirn
1517 518 1643 572 seruituti
1655 517 1793 589 subjectus

85 592 160 649 nihil
175 610 319 667 usurpare
347 593 538 667 dignoscitur,
567 594 721 650 immotam
741 610 913 666 permanere
966 595 1057 666 freter
1071 604 1119 651 ont
1132 612 1210 652 soror
1237 600 1268 652 in
1282 600 1418 671 ejusmodi
1426 618 1437 663 ‚·
1452 602 1480 657 in
1494 619 1560 674 poce
1579 613 1671 660 ouum
1684 608 1794 663 vocavit

86 683 288 750 concedimus,
302 684 361 739 sive
371 683 407 739 do
418 682 594 755 primatibus
606 682 816 740 constituendis
829 687 912 738 creta·
966 700 1016 739 nos
1031 686 1163 740 Dominus
1180 686 1201 755 (l
1218 685 1278 742 Cor.
1294 705 1345 756 vn,
1363 689 1417 760 14).
1434 689 1577 748 Dominus
1592 692 1680 748 otiam
1695 693 1791 750 divor·

85 771 187 841 risque
203 771 350 845 capitulis,
365 772 492 844 exceptis
507 772 555 828 his
570 773 620 844 qui
640 788 674 828 ex
701 772 861 828 Donatistis
876 772 911 828 sd
967 771 1041 828 tium
1056 773 1225 845 prohibens,
1242 775 1444 836 fornicationis
1459 796 1578 836 causam
1608 782 1730 853 excepit,
1746 783 1790 839 di·

84 860 479 934 episcopatumperveniunt.
490 882 504 911 n
517 862 572 917 Sed
584 862 912 934 etheatissimushugu·
966 878 1054 918 cens:
1082 867 1201 935 Decepta
1228 868 1421 935 luminationis
1447 884 1531 925 causo
1558 870 1667 941 (llottb.
1688 888 1716 939 v,
1733 871 1788 942 32),

85 950 197 1018 atinus,
213 950 248 1006 de
263 950 347 1021 cujus
363 950 439 1021 prati
469 949 596 1005 oleribus
624 951 721 1006 omnis
743 950 912 1005 Dominicus
966 951 1097 1023 cujus,ut
1108 952 1260 1019 scitis‚duo
1271 958 1342 1010 sunt
1351 970 1468 1027 genera,
1479 959 1515 1012 de
1525 958 1634 1029 quibus
1644 959 1728 1016 nobis
1740 976 1791 1032 per

84 1037 217 1112 pascitur
230 1054 310 1110 grex,
339 1038 443 1095 scribit
472 1040 508 1095 ad
539 1039 760 1109 inquisitionem
779 1037 912 1095 tannarii
966 1039 1790 1116 omnismodononconvenitdisputare.Vestrumunde

84 1126 309 1200 (epist.118,ed
336 1127 486 1198 innuunt:
504 1154 518 1178 n
548 1128 614 1199 lpse
642 1143 760 1200 quoque
789 1127 912 1184 mutatio
966 1126 1790 1204 fidelem,nostrumscilicetlllium,odominemi,verhis

85 1214 317 1287 consuetudinis,
330 1216 419 1273 etiam
433 1233 496 1287 qum
506 1216 625 1287 adjuvat
634 1215 769 1284 utilitate,
786 1216 912 1272 novitate
967 1214 1134 1273 affabilibus
1144 1222 1173 1274 et
1182 1218 1343 1289 mellifluis,
1356 1220 1432 1276 sicut
1442 1220 1516 1277 hene
1526 1223 1629 1292 nostis,
1638 1223 1791 1282 consulere

83 1297 249 1377 perturbat.
266 1325 281 1353 n
298 1303 480 1377 Quapropter
494 1320 558 1376 que
573 1304 654 1361 utilis
670 1321 728 1361 non
744 1309 913 1377 estpertur-
967 1321 1026 1360 non
1042 1306 1260 1378 dedignemini:
1277 1312 1424 1379 quatenus
1452 1309 1560 1367 relictis
1587 1311 1736 1383 prioribus
1752 1314 1789 1370 ed

83 1392 202 1449 batione
217 1392 410 1460 intructuose,
426 1398 638 1465 consequenter
651 1393 738 1449 noxia
752 1397 805 1449 cst.
818 1400 913 1466 Appa-
967 1393 1085 1450 meliore
1100 1397 1265 1468 pertingere
1281 1401 1377 1469 queat.
1395 1398 1471 1453 Bone
1486 1414 1613 1470 nemque
1630 1400 1711 1457 scitis
1721 1400 1792 1473 quia

83 1483 130 1536 ret
140 1496 210 1554 ergo
225 1481 305 1553 quod
321 1481 502 1538 consuetudo
518 1498 582 1553 quie
598 1482 665 1538 fidei
693 1481 852 1550 catholice,
867 1480 912 1538 vel
967 1485 1056 1538 omnis
1069 1483 1218 1557 discipline
1232 1488 1263 1541 in
1276 1488 1406 1558 praennti
1420 1486 1530 1558 quidem
1544 1487 1653 1544 videtur
1665 1506 1720 1546 non
1736 1506 1793 1547 esse

84 1569 276 1627 secularibus
289 1570 404 1643 legibus
415 1587 472 1627 non
485 1571 760 1638 obcst,omnimodis
770 1571 914 1628 servanda
965 1570 1070 1641 poudii,
1083 1572 1129 1628 sed
1147 1575 1273 1629 meroris
1283 1595 1293 1641 ,·
1303 1578 1397 1646 posteo
1422 1578 1513 1632 ouum
1540 1578 1661 1646 tructam
1671 1559 1792 1649 poculis·

84 1660 134 1727 sit,
150 1660 227 1732 quod
245 1658 447 1716 Theodosiano
463 1660 656 1716 confirmatur
665 1660 771 1717 edicto.
783 1661 836 1716 Sed
849 1660 911 1716 haeo
965 1661 1069 1715 simum
1081 1664 1241 1718 exercitatis
1252 1678 1304 1735 per
1317 1680 1379 1720 eom
1394 1664 1486 1720 reddet
1495 1665 1614 1736 justitie
1629 1665 1719 1738 (liebr.
1736 1682 1788 1737 xri,

84 1749 121 1805 de
131 1764 190 1822 qus
200 1765 279 1805 nunc
289 1748 386 1821 agitur
397 1750 588 1819 consuetudo,
605 1767 657 1806 nec
668 1748 816 1806 catholice
833 1748 910 1819 fidei,
967 1749 1021 1820 11).
1038 1750 1072 1805 tn
1086 1751 1214 1808 lacobus
1230 1752 1397 1824 apostolus:
1414 1753 1490 1809 Scire
1503 1752 1590 1824 debet,
1601 1757 1731 1827 quonium
1742 1755 1792 1827 qui

84 1853 139 1894 nec
149 1837 202 1894 ulli
216 1836 448 1895 Christianorum
462 1837 519 1911 legi
530 1837 646 1910 penitus
657 1839 820 1911 impugnat.
833 1837 912 1894 Licet
964 1841 1085 1895 converti
1111 1841 1208 1910 fecerit
1220 1843 1387 1911 peccatorem
1397 1840 1531 1897 cberrore
1541 1843 1789 1910 descensivum

82 1931 184 1982 tumen
195 1927 330 1998 quedam
340 1926 419 2000 leges
434 1927 540 1983 sintin
555 1928 664 1998 quihus
674 1926 735 1983 haec
744 1924 911 1998 specialiter
963 1929 1087 1983 animem
1100 1929 1159 1999 ejns
1173 1944 1190 1982 n
1204 1929 1301 1997 morte,
1317 1933 1343 1984 et
1357 1932 1445 2000 operit
1470 1930 1676 1985 multitudinem
1692 1946 1787 2002 pecco·

83 2032 143 2071 non
159 2015 428 2083 contineantur,sed
439 2015 643 2087 nullaestquae
654 2014 722 2072 huic
732 2016 911 2088 limpugnare
964 2023 1055 2071 torum
1070 2017 1139 2083 (bec.
1154 2033 1182 2084 v,
1197 2017 1254 2088 20).

83 2104 226 2161 videatur.
244 2104 426 2176 Quapropter
440 2104 551 2160 ideode
578 2104 634 2160 hac
661 2103 769 2160 multos
784 2105 911 2160 tacuisse
1000 2104 1083 2167 Quod
1098 2109 1195 2160 autom
1212 2110 1308 2160 vestre
1322 2106 1407 2161 nobis
1422 2106 1551 2162 innotuit
1570 2106 1790 2179 magnificentie

84 2193 251 2264 antiquitus
261 2193 420 2263 oredimus,
437 2192 507 2264 quic
520 2192 550 2248 in
566 2209 640 2249 nova
667 2193 750 2264 quasi
771 2192 911 2265 religione
966 2193 1034 2265 quie
1048 2192 1134 2248 multi
1150 2194 1277 2264 mejeres
1290 2197 1319 2248 ct
1333 2192 1485 2249 interiores
1501 2194 1529 2247 in
1547 2193 1601 2249 hoc
1617 2210 1705 2266 regno
1717 2195 1788 2260 sint,

84 2281 284 2354 bsptismatis,
296 2280 396 2337 nullus
406 2281 590 2337 Christianus
600 2281 670 2337 talia
680 2298 855 2353 praesumere
865 2298 911 2337 co·
966 2281 1015 2352 qui
1033 2280 1105 2336 tales
1121 2298 1225 2337 uxores
1241 2281 1359 2346 hahent,
1373 2298 1447 2353 quos
1458 2282 1546 2338 etism
1559 2281 1789 2340 nobisintimare

86 2370 235 2439 nabetur3
253 2369 486 2442 neojudioevere
501 2370 745 2437 interdicendum,
759 2371 836 2442 quod
851 2387 909 2426 non
964 2368 1086 2441 polliciti
1100 2369 1182 2435 estis,
1211 2369 1270 2425 Deo
1297 2373 1382 2436 teste,
1411 2371 1467 2425 hoc
1496 2368 1678 2443 incognitum
1692 2375 1792 2429 manet

85 2460 240 2516 credebant
254 2460 507 2533 presumendum.
534 2461 603 2515 Nom
625 2460 701 2530 justo
730 2460 776 2514 tex
802 2476 858 2516 non
873 2467 913 2514 est
964 2459 1040 2529 apud
1059 2474 1123 2529 nos,
1140 2463 1168 2513 et
1182 2457 1265 2514 valde
1281 2474 1388 2514 novum
1401 2458 1527 2515 videtur.
1543 2459 1600 2514 Sed
1615 2459 1640 2514 si
1667 2459 1792 2531 quisint

83 2547 246 2620 portioned
262 2549 374 2620 injustis
390 2549 413 2619 (l
443 2549 510 2603 Tim.
540 2565 560 2619 1,
588 2548 627 2617 o).
662 2552 798 2605 Attamen
814 2547 909 2619 nobis,
965 2547 1015 2618 qui
1029 2546 1098 2601 talia
1114 2551 1214 2620 agunt,
1231 2551 1282 2602 sut
1297 2547 1416 2604 raritate
1446 2546 1531 2603 nohis
1559 2548 1718 2604 obscurum
1734 2553 1790 2617 est,

85 2637 192 2710 quibus
207 2636 275 2693 licet
289 2637 418 2709 indignis
433 2637 617 2693 discernendi
633 2637 771 2709 impositu
786 2640 831 2692 est
841 2653 910 2693 con·
965 2639 1015 2690 aut
1029 2634 1264 2692 dissimulatione
1277 2635 1668 2692 contectumverumtamen
1681 2637 1711 2691 in
1722 2637 1788 2693 istis

84 2726 169 2798 ditio,
182 2730 214 2783 ut
225 2726 391 2782 dividamus
401 2725 477 2782 inter
487 2727 631 2783 mundum
644 2729 672 2782 et
681 2727 911 2795 immundum,et
964 2723 1096 2795 partibus
1105 2723 1220 2780 nullum
1230 2730 1334 2796 praeter
1345 2724 1424 2780 hunc
1435 2723 1593 2796 aliquando
1604 2724 1788 2781 audivimus:

84 2813 209 2889 lepram,
224 2815 295 2871 telin
323 2816 458 2871 convenit
485 2815 659 2884 declamare,
686 2832 722 2870 ne
749 2819 878 2871 tacentes
893 2832 910 2870 a
964 2815 1062 2868 tamen
1078 2817 1107 2868 et
1121 2813 1145 2868 si
1162 2812 1247 2868 multi
1262 2816 1363 2869 essent
1375 2813 1426 2884 qui
1436 2812 1491 2868 hoc
1502 2818 1622 2885 agerent
1635 2812 1789 2869 Dominioa

84 2903 209 2961 Domino
223 2920 275 2976 per
289 2904 461 2977 prophetam
477 2921 649 2976 arguamur,
675 2904 807 2961 dicente:
825 2905 911 2960 dones
964 2901 1105 2957 debueret
1117 2901 1279 2973 precellere
1290 2901 1453 2957 sententie:
1467 2902 1527 2957 Non
1541 2903 1663 2973 sequeris
1678 2902 1789 2958 turbem

82 2995 156 3050 muti
170 2993 358 3050 nenoolentes
373 2993 476 3049 latrare
491 2993 567 3066 (lsai.
590 3010 644 3064 nvr,
674 2993 728 3064 10),
759 3009 794 3048 ne
809 2990 909 3064 populi
938 2990 999 3045 ud
1013 2990 1171 3062 fodendum
1198 2991 1315 3060 motum,
1342 3005 1392 3045 nec
1418 2990 1450 3044 in
1472 2990 1583 3060 judicio
1601 2992 1789 3062 plurimorum

84 3082 253 3138 consentire
280 3081 399 3154 llsgitiis
429 3081 591 3146 videamur,
621 3083 650 3136 et
665 3078 909 3150 reprehensibiles
964 3080 1120 3149 acquiesces
1133 3081 1288 3147 sententie,
1304 3083 1334 3133 ut
1358 3095 1375 3133 n
1401 3094 1465 3133 nero
1490 3079 1581 3134 devies
1596 3078 1693 3150 (deod.
1709 3095 1790 3147 xxm,

83 3169 259 3238 efficiemur,
277 3168 348 3224 dum
364 3169 488 3225 aliorum
519 3167 731 3239 reprehendere
751 3167 913 3237 nequitiem
928 3157 950 3222 C
968 3167 995 3238 2)
1009 3184 1016 3234 ;
1032 3170 1061 3221 et
1075 3166 1184 3221 Paulus
1195 3183 1202 3221 :
1215 3166 1245 3220 Si
1254 3167 1349 3222 adbuc
1357 3166 1515 3221 bominibus
1526 3167 1674 3238 placerent,
1689 3166 1792 3223 Christi

81 3257 321 3315 dissimulamus.
332 3257 386 3313 Sed
409 3259 440 3311 in
452 3256 579 3312 omnibns
593 3256 770 3311 exhibeamus
784 3257 913 3310 noeticat
966 3271 1060 3310 semus
1074 3270 1130 3310 non
1144 3271 1229 3310 essem
1246 3253 1315 3324 (oet.
1333 3271 1352 3319 r,
1370 3254 1414 3325 10)
1429 3272 1436 3322 ;
1452 3258 1481 3311 et
1493 3255 1620 3312 lacobus
1639 3254 1808 3330 apostolus,

81 3348 134 3404 Dei
142 3346 285 3402 ministros
309 3346 347 3419 (ll
360 3346 420 3401 Cor.
437 3361 475 3412 v1,
491 3345 536 3413 l),·
554 3343 623 3416 quia
636 3343 780 3415 scriptum
796 3346 858 3400 est:
874 3344 913 3399 Ne
966 3343 1022 3398 ait:
1039 3343 1199 3414 Quicunque
1211 3358 1274 3414 erpo
1289 3344 1407 3399 voluerit
1419 3345 1524 3399 omnus
1552 3360 1608 3400 esee
1633 3345 1728 3402 secali
1742 3345 1792 3402 bu·

81 3437 331 3493 communicaverat
356 3434 473 3505 peoeatis
502 3431 606 3488 olienis
632 3433 656 3501 (l
671 3433 735 3487 lim.
753 3451 780 3504 v,
802 3433 868 3501 22),·
882 3437 912 3488 et
960 3432 1019 3503 jus,
1032 3433 1163 3487 inimicus
1177 3433 1225 3487 Dei
1239 3431 1417 3487 constituitur
1431 3432 1499 3503 (loc.
1515 3449 1553 3504 rv,
1570 3432 1608 3501 l).
1628 3433 1664 3489 tn
1676 3434 1790 3506 Moyses

83 3540 191 3581 rursus
203 3541 210 3580 ε
221 3525 255 3578 et
267 3522 486 3578 immundumne
498 3523 645 3591 tetigeritis
665 3522 698 3592 (ll
720 3521 781 3577 Cor.
797 3537 835 3592 m,
854 3522 908 3593 17).
964 3520 1080 3593 negavit
1093 3537 1124 3576 se
1140 3519 1305 3576 cssefilium
1321 3520 1387 3576 lllise
1397 3521 1667 3594 Pharaonis,magie
1678 3522 1788 3595 eligens

121 3613 204 3678 Quod
220 3616 316 3669 autem
333 3628 368 3668 ex
383 3610 499 3668 Domini
528 3610 673 3667 sententia
700 3609 815 3666 dicitis:
833 3611 910 3679 Quod
963 3609 1131 3682 affligicum
1141 3609 1248 3681 populo
1258 3609 1413 3682 Dei,quam
1424 3610 1594 3682 temporalis
1605 3612 1715 3683 peccati
1730 3611 1786 3668 he-

80 3703 152 3759 Deus
163 3702 318 3773 conjuncte,
330 3700 474 3756 bomonon
483 3711 589 3771 separet
603 3699 708 3771 (Mottb.
719 3716 777 3767 xrx,
792 3699 831 3769 6),
848 3699 908 3755 hec
961 3698 1030 3754 bere
1039 3699 1266 3770 jocunditatem,
1284 3700 1412 3770 majores
1426 3699 1543 3756 divitius
1558 3701 1706 3757 estimans
1720 3700 1784 3756 the·

80 3789 182 3864 religio
196 3788 438 3846 modisomnihus
447 3787 639 3844 custodienda
646 3787 775 3854 videtum
787 3789 836 3843 sed
849 3805 906 3844 non
962 3804 1048 3843 sauro
1071 3788 1271 3860 AEgyptiorum
1293 3789 1494 3860 improperium
1518 3788 1621 3844 Christi
1636 3789 1730 3862 (Hebe.
1745 3806 1783 3859 tv,

81 3876 907 3950 omncsquiconiunctisuntDominusconiunxitllorum
960 3876 1198 3948 24).Secundum
1222 3876 1371 3932 decretum
1401 3881 1497 3932 nutem
1528 3877 1781 3949 Coelestinipape,

80 3962 908 4040 tamenquosipseconjunxitbonaestcopula,quippence
961 3965 1110 4020 docendus
1125 3966 1169 4018 est
1183 3964 1320 4035 populus,
1332 3980 1390 4020 non
1401 3965 1578 4034 sequendus.
1588 3965 1682 4020 Sedet
1696 3964 1721 4020 si
1731 3982 1784 4022 neo

81 4053 198 4128 legibus
205 4055 298 4123 obest,
307 4070 360 4110 nec
370 4051 581 4110 catholicorum
592 4069 665 4109 usus
676 4052 840 4108 conturbet.
851 4053 906 4108 Sed
961 4052 1007 4107 lex
1021 4050 1107 4121 velet,
1125 4067 1177 4106 nec
1188 4051 1369 4107 consuetudo
1383 4051 1507 4122 prolicit,
1520 4050 1623 4107 enltem
1634 4053 1699 4123 ipsa
1709 4053 1784 4109 rntio

81 4147 128 4200 est
138 4142 583 4201 bonmobiteconnubiumettorau
597 4141 794 4198 immaculatus
810 4142 905 4212 (Hebr.
960 4141 1107 4215 procedet.

81 4249 147 4301 1111,
157 4233 196 4304 l).
212 4233 289 4288 sicut
303 4233 407 4288 beatus
418 4228 755 4304 Paulusaitepostolus:
773 4232 906 4287 uenam·
996 4233 1076 4284 Inter
1089 4232 1254 4301 compatres
1283 4232 1312 4284 et
1340 4232 1516 4286 commatres
1545 4228 1700 4286 interdicta
1721 4246 1785 4287 esse

81 4339 135 4396 que
147 4323 195 4392 qui
209 4322 388 4378 matrimonio
410 4321 501 4392 juncti
514 4326 589 4387 sont,
616 4322 759 4393 precipio,
779 4336 836 4377 non
849 4336 906 4392 epo,
961 4318 1367 4391 coniugieevidenteromnes
1378 4318 1544 4375 testificent.
1555 4319 1627 4375 (lum
1639 4319 1729 4390 hujus
1739 4336 1786 4375 sa-

82 4411 290 4480 sedDominus,
305 4411 526 4466 ueorernoviro
554 4424 602 4464 suo
624 4425 680 4464 non
708 4409 844 4464 discedere
860 4425 866 4464 :
882 4416 908 4464 et
961 4407 1101 4463 oramenti
1118 4406 1291 4479 mysterium
1307 4425 1365 4464 non
1381 4406 1547 4480 specialiter
1561 4407 1590 4463 in
1606 4407 1744 4479 ipsis,sed
1755 4408 1785 4463 in

84 4502 129 4556 nir
142 4515 259 4557 uxorem
271 4516 349 4556 sunm
362 4514 417 4554 non
434 4499 556 4554 dimittat
570 4497 594 4569 (l
603 4497 663 4553 Cor.
680 4513 730 4565 v11,
746 4497 907 4570 10).Vidcte
924 4512 1062 4581 Deorum
1078 4495 1147 4552 filiis
1162 4494 1335 4552 celebratur.
1366 4500 1440 4551 Nam
1453 4501 1482 4551 et
1509 4495 1565 4570 ipsi
1581 4496 1787 4568 sequestratim

84 4589 164 4661 quod
179 4589 251 4646 dicit
265 4589 307 4645 bis
318 4591 367 4660 qui
378 4589 555 4644 matrimonio
569 4588 659 4654 iuncti
672 4593 746 4643 sunt.
762 4587 909 4643 Matrimo-
963 4603 1027 4642 esee
1042 4590 1177 4658 possunt.
1193 4584 1263 4648 Quis
1279 4601 1347 4658 orgo
1370 4584 1426 4640 hoc
1453 4585 1549 4641 dicere
1577 4585 1692 4652 sudent,
1709 4584 1788 4656 quod

85 4676 170 4733 nium
186 4677 265 4734 enim
280 4680 325 4733 est
339 4676 587 4749 conjugumjustu
602 4676 753 4732 conventio
768 4680 797 4732 et
810 4675 910 4732 condi·
964 4673 1789 4747 absentcshocsscramentumoonstringet‘lPraesentibus

86 4764 143 4834 tio;
159 4780 210 4822 eos
223 4781 290 4821 vcro
306 4765 356 4838 qui
371 4765 480 4821 nefario
496 4768 525 4820 et
539 4763 709 4821 exsecrabili
725 4765 801 4820 coitu
811 4769 913 4821 contra
967 4769 1075 4836 autem,
1091 4764 1121 4818 in
1137 4763 1245 4834 quihus
1259 4761 1422 4818 celebretur
1437 4779 1495 4819 non
1524 4762 1692 4835 pertineat?
1706 4762 1789 4828 Quod

89 4850 171 4927 leges
185 4857 215 4909 et
225 4869 322 4909 mores
332 4852 677 4926 permiscentur,omnino
688 4852 816 4924 separari
826 4870 911 4925 opor·
966 4854 1053 4910 etiem
1066 4849 1300 4924 ipsiusvocehuli
1310 4850 1703 4915 vismenilestntQuidenim
1713 4867 1790 4907 com·

85 4945 139 5013 tn,
156 4941 296 5015 quonism
313 4941 701 5013 necvirneouxorpoterit
729 4941 912 4997 esseinhu-
966 4945 1049 5015 pater
1062 4940 1106 4996 vel
1124 4944 1283 4996 commater
1297 4944 1392 5007 sonet,
1421 4941 1478 4995 nisi
1507 4939 1596 4996 simul
1622 4945 1713 5011 pater,
1740 4940 1791 4993 aut

83 5031 229 5103 jusmodi.
240 5030 372 5088 hitenim
381 5030 558 5087 Dominusin
568 5030 722 5103 Evangelio
734 5047 741 5084 ε
755 5030 785 5086 Si
798 5031 914 5086 dextero
968 5030 1085 5085 meter?
1098 5029 1125 5084 si
1142 5045 1210 5100 ergo
1226 5028 1314 5084 simul
1329 5033 1426 5102 potres
1442 5034 1493 5085 sut
1509 5036 1617 5086 matres
1647 5030 1726 5095 sunt,
1742 5023 1791 5079 cui

87 5136 190 5176 monus
201 5128 248 5177 tuo
257 5120 426 5178 scandalizet
445 5127 478 5183 te,
495 5119 602 5175 abscide
617 5136 677 5175 eom
691 5123 717 5174 et
742 5121 846 5192 projice
867 5120 914 5174 abs
969 5116 1058 5174 simul
1068 5121 1166 5190 patres
1176 5115 1219 5172 vel
1231 5121 1340 5173 matres
1352 5121 1433 5183 sunt,
1449 5134 1550 5174 omnes
1565 5130 1665 5172 eorum
1682 5110 1734 5166 filii
1747 5109 1792 5167 vel

88 5217 117 5266 te
132 5209 241 5282 (nant.
254 5227 282 5281 v,
298 5210 354 5281 30).
371 5207 445 5273 Quid
460 5207 538 5263 enim
568 5207 676 5265 melius
699 5224 751 5280 per
771 5205 915 5264 scandali·
968 5206 1035 5263 lilim
1046 5207 1150 5263 fratres
1161 5205 1205 5262 vel
1215 5222 1329 5262 sorores
1340 5205 1434 5278 ipsius
1445 5211 1541 5262 erunt.
1551 5199 1792 5273 Increpunsenim

88 5303 206 5355 nantem
222 5299 369 5354 dexteram
385 5313 474 5368 quam
503 5296 580 5352 male
607 5297 772 5370 appositum
796 5313 915 5353 uxorem
970 5296 1112 5352 Dominus
1123 5294 1239 5351 Scribas
1249 5298 1278 5351 et
1288 5294 1449 5351 phariseos
1460 5295 1518 5349 ait:
1536 5288 1678 5360 Venetis,
1689 5288 1794 5349 Smhae

90 5386 310 5461 intelligimus?
323 5387 356 5442 lit
368 5386 494 5443 iterum:
513 5386 606 5441 Omnis
633 5388 683 5457 qni
708 5386 854 5460 reliquerit
866 5385 916 5442 bo·
970 5390 995 5441 et
1010 5385 1161 5453 anrissei,
1176 5385 1264 5454 dotti,
1280 5392 1307 5439 et
1323 5387 1401 5453 caeci,
1429 5383 1477 5453 qni
1504 5379 1614 5436 dicitis:
1633 5380 1793 5451 Quicunque

91 5493 184 5547 mum,
198 5474 369 5550 nedfratres,
385 5481 433 5532 out
445 5491 558 5547 sorores,
575 5483 623 5531 out
648 5479 766 5547 petrem,
795 5484 844 5533 out
857 5493 917 5531 mo·
967 5474 1104 5547 juraverit
1118 5477 1146 5530 in
1163 5474 1251 5530 ottori
1263 5473 1336 5529 nibil
1358 5480 1408 5539 est,
1423 5471 1577 5543 quicunqne
1603 5475 1695 5526 cutem
1711 5470 1793 5540 iuro·

89 5573 174 5640 trem,
191 5569 242 5626 out
254 5582 370 5628 uxoren
380 5569 493 5644 propter
518 5579 617 5624 nomen
642 5580 745 5638 marn,
758 5566 919 5645 centuplum
971 5565 1042 5624 certi
1056 5565 1090 5624 in
1103 5564 1184 5636 dono,
1201 5563 1270 5639 quod
1285 5570 1325 5622 est
1338 5575 1421 5641 super
1434 5558 1515 5635 tttud,
1531 5558 1618 5628 debet.
1635 5559 1714 5636 deci,
1727 5557 1796 5639 quid
