3908 6096
145 249 185 315 bb
654 254 823 322 tructus
844 256 1136 325 vanescamus
1158 261 1338 330 episcopt
1570 345 1574 349 Ι
1808 266 1850 332 60
1915 309 1919 316 -

145 385 972 464 annesBaptiata,missospiculatore,illicodecolletnsest
984 394 1013 462 A
1026 398 1156 469 tempore
1171 404 1348 472 properaret.
1363 401 1443 467 Quos
1458 397 1536 456 enim
1550 397 1613 456 vult
1625 397 1779 473 Dominus,
1793 399 1849 457 mi·

146 471 972 554 oumlegerimusdealiquibussanctospercuterevolenti·
1025 486 1848 563 rabiliterabimminentieripitperieulo‚qnosdamvero

146 565 970 644 bns,quodeorumbrechiaadeouhriguerint,utnisiip·
1025 574 1358 635 hicetiaminnocentes
1374 579 1433 651 pati
1462 578 1616 652 permittit,
1646 578 1696 651 qui
1726 578 1848 651 abipso

147 653 189 712 sis
200 656 586 724 sanetisintcrvenientibus,
596 658 972 717 eaillinullatenusmovere
1025 680 1140 737 quoque
1151 665 1243 723 multo
1259 668 1378 741 dignius
1393 668 1424 724 in
1439 669 1537 724 futuro
1553 672 1739 724 coronantur.
1768 668 1850 725 Unde

148 741 544 804 ultravaluerint.Sioutetin
554 747 968 822 Dialogorumlibris(S.Greg.
1026 770 1079 810 nec
1094 754 1136 810 illi
1148 757 1309 813 sanctiores
1324 757 1519 825 habendi,nec
1531 757 1578 812 isti
1600 756 1753 812 inferiores
1783 757 1849 812 nul·

42 847 49 855 ·
148 833 221 889 Dect.
240 831 291 891 lib.
303 853 344 907 ιιι,
356 853 381 891 c.
393 837 440 908 57)
452 836 626 909 reperimus,
638 837 673 893 de
687 839 815 911 quodam
826 837 971 905 sanctule,
1025 841 1142 899 latenas
1153 861 1170 899 a
1182 845 1267 901 nohis
1277 846 1575 916 suntjudieandi.Sed
1584 850 1613 902 et
1622 844 1679 902 hoc
1688 847 1850 902 cavendum

149 921 200 993 qni
210 924 972 997 eumaLougobardisoccidendusteneretur,tandem
1027 934 1117 1000 est,nt
1132 949 1185 989 nec
1198 934 1270 1006 justi
1286 935 1363 991 mala
1374 934 1520 1007 patientes
1532 950 1563 990 se
1574 933 1736 1006 quasivicti
1749 936 1852 1006 despe-

149 1009 185 1066 ed
199 1011 402 1068 decollandum
414 1014 520 1070 ductus
539 1019 592 1071 est.
606 1019 640 1070 ot
658 1014 726 1088 quia
741 1017 823 1088 prius
838 1032 905 1072 eum
921 1015 972 1070 ha·
1028 1016 1103 1082 rent,
1118 1029 1171 1070 nec
1186 1012 1345 1071 inferentes
1359 1015 1515 1087 supplicia,
1530 1014 1615 1087 quasi
1625 1013 1852 1072 devictoriasibi

149 1097 258 1155 bebaut
273 1097 472 1169 notissimum,
489 1103 622 1175 undique
644 1109 840 1162 couvenerant
852 1106 887 1160 ad
906 1120 973 1176 spe·
1028 1106 1183 1158 assumant
1199 1103 1335 1158 fiduciam
1349 1121 1355 1159 :
1368 1103 1409 1159 ait
1423 1102 1502 1159 euim
1515 1103 1655 1159 Dominus
1674 1103 1711 1158 ad
1726 1103 1794 1173 Job,
1815 1103 1852 1159 de

149 1188 288 1243 etardum
296 1194 419 1246 mortem
428 1191 872 1268 ejuaGircumsteteruntitaque
886 1193 974 1263 acies,
1028 1189 1131 1262 iniqua
1152 1191 1309 1248 Leviathan
1322 1191 1446 1264 loquens
1456 1191 1587 1266 potentia
1598 1209 1606 1259 ;
1618 1191 1703 1248 Deleta
1718 1193 1749 1246 in
1761 1208 1854 1248 morae

149 1273 194 1331 vir
203 1280 301 1333 autem
319 1278 434 1334 Domini
455 1281 599 1339 deductus
612 1282 641 1338 in
658 1283 753 1340 medic
769 1288 823 1352 est,
838 1287 927 1355 atque
942 1297 976 1337 ex
1029 1281 1088 1353 ejas
1100 1280 1239 1350 dirigetur
1252 1280 1317 1352 (leb
1332 1298 1395 1349 νιιι,
1408 1282 1465 1350 25).
1481 1280 1563 1347 Quod
1573 1296 1720 1353 exponens
1734 1281 1853 1348 {beatus

149 1365 288 1422 omnibus
304 1365 430 1425 fortibus
445 1367 556 1427 electus
570 1375 615 1428 est
628 1389 716 1440 unus,
733 1373 769 1428 de
783 1389 841 1446 quo
852 1371 976 1433 dubium
1030 1369 1187 1442 Gregorius
1202 1371 1261 1426 ait:
1277 1370 1367 1427 Dolus
1379 1371 1487 1443 quippe
1502 1369 1532 1425 in
1549 1385 1638 1425 manu
1654 1372 1709 1437 est,
1726 1368 1806 1424 fraus
1823 1369 1852 1424 in

150 1468 208 1508 non
223 1458 310 1526 esset,
326 1459 404 1528 quod
419 1474 477 1514 uno
499 1458 559 1516 ictu
583 1465 670 1533 eaput
691 1462 756 1533 ejus
780 1460 976 1527 abscinderet,
1030 1456 1220 1530 virtute,qnin
1234 1475 1321 1515 omne
1336 1460 1413 1532 quod
1424 1458 1712 1531 nequitervolet,hcc
1726 1458 1763 1514 ad
1778 1461 1850 1513 tem·

149 1541 341 1601 venerandus
352 1545 442 1619 igitur
452 1548 498 1604 vir
508 1549 585 1606 inter
601 1555 729 1607 armatos
743 1551 860 1616 ductus,
872 1548 907 1605 ad
924 1564 979 1604 sua
1032 1562 1088 1618 pus
1103 1548 1220 1620 exsequi
1236 1547 1323 1604 etiam
1339 1547 1452 1604 fortiter
1466 1550 1571 1619 potest.
1583 1545 1673 1602 Dolus
1694 1561 1761 1602 vero
1789 1546 1853 1616 ejus

152 1646 236 1687 erma
250 1632 348 1689 statim
366 1636 524 1693 concurrit.
539 1638 611 1695 Nam
637 1639 721 1711 petiit
740 1643 774 1695 ut
788 1638 845 1695 sibi
860 1639 979 1694 daretur
1032 1635 1315 1710 dirigidieitur,quia
1327 1637 1510 1708 fraudiaejus
1520 1634 1721 1692 meliusnulla
1731 1633 1855 1691 difficul·

151 1721 304 1793 paululum
320 1725 422 1780 orandi
439 1724 566 1783 licentia.
579 1726 630 1784 Gui
642 1728 713 1784 dum
724 1742 896 1784 concessum
909 1725 979 1782 inis·
1033 1727 1093 1781 tate
1107 1725 1293 1798 praepeditur.
1305 1726 1364 1783 Hoc
1379 1727 1458 1782 enim
1475 1724 1634 1782 Leviethen
1648 1723 1715 1791 iste,
1726 1723 1771 1780 vel
1786 1739 1856 1779 vasa

152 1815 206 1882 set,
222 1812 251 1867 in
267 1817 345 1870 terra
359 1830 391 1870 se
405 1815 518 1886 stravit,
534 1820 563 1872 ct
577 1817 679 1873 oravit.
703 1818 757 1883 Qui
777 1817 848 1873 dum
864 1814 976 1872 diutius
1029 1815 1094 1887 ejus
1104 1813 1320 1872 habereerebro
1332 1815 1483 1888 proprium
1494 1813 1681 1887 solent,qnod
1696 1813 1733 1869 ad
1746 1811 1854 1883 iniqni-

90 1891 97 1897 ”
152 1904 257 1967 oraret,
267 1901 875 1978 huncintert'ectorcalcepulsavitdieens:
885 1904 977 1976 Surge
1031 1904 1100 1960 tatis
1115 1920 1174 1960 suae
1185 1903 1349 1976 cumulum,
1363 1920 1398 1961 ea
1412 1920 1476 1976 qua
1490 1902 1625 1976 nequiter
1639 1905 1790 1975 appetunt,
1805 1917 1856 1957 ex-

151 1992 180 2043 et
194 2004 270 2062 genu
291 1990 364 2047 flexo
378 1992 468 2047 tende
494 1993 647 2049 cervicem.
664 1993 795 2049 Surrexit
822 1997 919 2049 autem
934 1991 979 2047 vir
1032 1990 1111 2065 plere
1126 1993 1395 2065 nequiuspossunt.

152 2077 214 2144 Dei,
234 2081 263 2133 et
285 2095 361 2152 genu
386 2080 459 2136 llexo
486 2081 628 2138 cervicem
656 2082 801 2151 tetendit;
829 2083 879 2138 sed
896 2084 978 2137 tenso
1068 2081 1153 2155 Ergo,
1170 2082 1275 2138 fratres
1291 2082 1473 2153 charissimi,
1501 2081 1591 2138 nolite
1602 2080 1737 2153 judicare
1752 2096 1859 2136 secun·

153 2164 228 2222 collo
242 2167 378 2223 eductam
393 2173 494 2225 contra
505 2186 536 2225 se
545 2171 668 2242 spadam
681 2171 809 2243 intuens,
820 2171 875 2227 hoe
886 2187 979 2226 unum
1036 2169 1108 2226 dem
1124 2169 1240 2238 faciem,
1256 2171 1308 2227 sed
1320 2171 1437 2242 justum
1453 2170 1601 2242 judicium
1612 2170 1753 2242 judicate,
1765 2169 1864 2225 consi·

154 2254 247 2310 lertur
261 2255 379 2328 publice
403 2257 533 2315 dixisse:
560 2260 665 2316 Sancte
688 2260 817 2316 Joannes
840 2258 979 2332 Baptista,
1035 2258 1171 2314 derantes
1187 2257 1264 2329 quod
1281 2258 1436 2329 perversis,
1453 2257 1512 2314 imo
1527 2261 1556 2313 et
1566 2255 1761 2328 iniquissimis
1781 2254 1863 2326 judi-

155 2343 270 2416 suseipe
285 2344 378 2401 illam.
394 2347 476 2401 Tunc
507 2346 618 2404 electus
646 2348 775 2404 carnifex
796 2348 981 2421 evaginatum
1035 2346 1118 2403 cibus
1133 2344 1300 2418 evangelica
1311 2345 1450 2418 loquatur
1462 2345 1685 2416 sententiaque
1696 2344 1754 2400 ait:
1772 2336 1864 2413 Quare

39 2512 42 2518 A
152 2431 285 2506 gladium
302 2436 416 2502 lenem,
432 2435 538 2492 adnisu
561 2437 639 2508 lorti,
664 2437 694 2493 in
721 2437 812 2494 altum
828 2436 981 2494 brachium
1035 2440 1062 2492 et
1076 2452 1122 2492 voa
1142 2435 1375 2504 transgredimini
1387 2433 1547 2491 mendcium
1564 2433 1612 2488 Dei
1634 2436 1748 2506 propter
1773 2431 1863 2489 trodi-

153 2536 349 2595 percussurus
366 2523 479 2594 levavit,
495 2526 546 2581 sed
562 2525 709 2599 deponere
728 2525 810 2582 nullo
826 2527 913 2582 modo
928 2541 981 2598 po·
1037 2526 1140 2582 tionem
1155 2532 1273 2580 uestram
1287 2524 1431 2596 (Μαίων,
1446 2523 1473 2594 3)
1488 2525 1501 2576 ‚⁹
1515 2521 1659 2580 Dominus
1674 2520 1752 2578 enim
1768 2521 1839 2577 dicit
1855 2546 1863 2589 ;

152 2609 210 2666 tuit
221 2625 228 2667 :
238 2613 437 2684 naerepeute
447 2613 580 2687 diriguit,
589 2618 617 2670 et
627 2618 721 2672 erecto
732 2615 761 2670 in
771 2612 982 2688 coelumgtadio
1038 2613 1069 2671 Si
1080 2615 1141 2688 quie
1156 2617 1181 2670 te
1192 2614 1358 2686 pereutere
1374 2615 1407 2669 in
1421 2611 1534 2668 matera
1548 2611 1667 2667 maxilla
1679 2614 1742 2678 tua,
1769 2611 1865 2682 praehe

152 2699 307 2757 brachium
318 2700 478 2759 inflexibile
491 2703 643 2760 remansit.
659 2705 743 2760 'lunc
758 2703 855 2759 omnis
872 2703 984 2776 Longo·
1037 2705 1066 2760 ei
1079 2711 1105 2759 et
1119 2703 1278 2773 alterumn
1292 2705 1340 2775 qui
1352 2711 1441 2759 tecum
1451 2701 1569 2758 celauit
1579 2699 1690 2774 judicio
1704 2698 1866 2755 contendere

153 2788 313 2845 bardorum
328 2790 415 2847 turba
431 2807 494 2862 qua
520 2793 557 2848 ad
572 2791 643 2848 illud
661 2792 764 2849 mortis
781 2791 983 2866 spectaculum
1039 2795 1064 2848 et
1079 2793 1201 2848 tunicum
1216 2801 1292 2848 tuom
1306 2790 1525 2860 tollere,remitte
1537 2792 1564 2846 ci
1577 2799 1605 2847 et
1616 2789 1866 2863 pultiumptauhv

155 2877 266 2947 aderat,
282 2876 311 2933 in
327 2878 425 2935 laudis
443 2896 581 2952 pavorem
607 2898 747 2939 conversa
770 2880 873 2938 mirari
887 2880 984 2954 coepit,
1038 2880 1109 2953 39)‚·
1124 2884 1153 2936 et
1167 2880 1409 2953 :Sipctremtltics
1418 2879 1572 2937 Beelzebub
1586 2882 1865 2948 uocaueruntpucote

33 3006 40 3021 .
153 2965 370 3037 virumqusttei
385 2984 452 3024 cum
478 2968 583 3026 timore
606 2971 749 3039 venerari,
770 2969 985 3042 quiaprofecto
1038 2969 1340 3039 mogisetdomesticos
1354 2968 1481 3041 ejustlit
1495 2968 1524 3023 in
1546 2967 1707 3040 passione:
1736 2965 1812 3034 Quod
1839 2966 1866 3020 si

155 3052 301 3113 claruerat
313 3057 401 3130 cujus
416 3058 583 3115 sanctitatis
598 3062 684 3129 esset,
706 3059 756 3132 qui
770 3059 917 3117 carnificis
937 3065 984 3118 sui
1039 3060 1070 3115 in
1084 3058 1169 3115 uiridi
1183 3058 1259 3128 liguo
1273 3058 1330 3114 tec
1338 3057 1509 3132 secarentur
1519 3054 1771 3129 ondepuidfiet‘tet
1783 3053 1865 3109 alibi:

154 3143 345 3203 brachiumin
353 3163 419 3203 aere
427 3146 556 3218 ligasset.
566 3149 666 3220 ltaque
672 3147 986 3222 postulatusutsurge·
1001 3130 1023 3198 C
1040 3146 1214 3219 inpatientia
1220 3149 1310 3202 oestro
1314 3145 1707 3218 possidebitiscaimcevcstroe
1717 3144 1792 3216 (hoc.
1805 3158 1865 3210 xxi,

156 3237 211 3301 ret,
223 3234 366 3292 surrexit:
381 3235 547 3309 postulatus
558 3253 628 3311 ergo
639 3238 833 3295 utbrachium
842 3235 990 3294 suicarni·
1044 3236 1136 3308 tutat
1150 3235 1191 3290 illi
1206 3233 1317 3291 dieunt:
1329 3234 1360 3291 Si
1376 3234 1486 3308 aliquid
1498 3230 1868 3291 adversussaeerdoteshei

156 3323 220 3380 fleis
230 3328 360 3393 sanaret,
370 3325 488 3398 negavit
498 3325 599 3382 dicens
609 3343 616 3381 ε
628 3326 688 3399 llgo
699 3344 752 3399 pro
765 3343 798 3383 eo
810 3325 989 3383 nullomodo
1043 3325 1131 3381 inerit
1140 3325 1471 3398 prolatum,pugnaesse
1479 3321 1787 3380 vincendumUndeet
1796 3337 1867 3393 pra·

157 3413 257 3480 orabo,
268 3411 707 3486 nisianteamihiJ'nramentnm
715 3415 837 3486 dederit,
845 3413 914 3487 quia
922 3430 989 3470 cum
1043 3414 1127 3470 dicte
1142 3412 1293 3470 sententia
1303 3429 1371 3469 mox
1383 3412 1519 3469 subditur
1530 3410 1778 3483 :hypocritmbeoe
1787 3410 1868 3466 dcco·

158 3516 249 3556 manu
262 3501 320 3556 ista
340 3499 538 3557 Christianum
549 3501 702 3559 hominem
721 3519 779 3559 non
793 3502 917 3559 occidat.
933 3502 990 3558 Sed
1045 3502 1087 3559 te
1100 3503 1275 3576 prophetavit
1283 3503 1370 3558 lecim
1379 3500 1609 3572 diceassPoputua
1619 3499 1754 3556 hictohtie
1766 3498 1867 3555 meto-

159 3589 371 3662 Lougobnrdus
382 3589 459 3646 idem
470 3589 532 3662 qui,
547 3595 580 3648 ut
595 3591 753 3664 itadicam,
765 3591 991 3648 brachiumcon·
1042 3600 1134 3660 amnt,
1149 3608 1196 3648 cer
1208 3595 1304 3647 cumn
1318 3606 1416 3647 eornm
1430 3591 1508 3662 lonpc
1524 3595 1564 3647 eet
1576 3606 1595 3645 c
1607 3605 1651 3645 me
1666 3607 1676 3643 .·
1696 3591 1757 3645 sine
1785 3603 1870 3643 cotue

158 3681 206 3752 tra
216 3682 307 3735 Deum
318 3676 464 3735 tendendo
475 3679 652 3752 perdiderat,
676 3696 763 3753 pena
788 3697 844 3737 sua
858 3680 991 3754 exigente
1043 3679 1444 3749 temulentiam
1458 3678 1636 3736 deorimet
1657 3677 1793 3734 mandato
1820 3676 1868 3732 te·

160 3766 331 3840 compulsus
341 3767 495 3839 estJ'urare
506 3783 537 3824 se
549 3767 990 3826 Christianumhominemnnn·
1045 3774 1152 3827 minum
1166 3770 1271 3842 (ilctth.
1288 3784 1336 3836 xv,
1349 3768 1387 3841 7).
1406 3767 1478 3824 ilinc
1494 3766 1586 3824 lanias
1601 3784 1611 3821 .·
1630 3767 1675 3825 γε
1689 3767 1738 3839 qui
1751 3764 1869 3821 condant

161 3872 250 3929 quam
261 3873 315 3912 sua
327 3872 415 3912 manu
430 3856 570 3914 occidere.
582 3857 666 3914 Nunc
678 3858 722 3913 vir
731 3858 782 3915 Dei
794 3858 866 3915 dixit
878 3859 922 3914 ei:
937 3858 991 3914 De·
1046 3859 1119 3931 tepea
1134 3861 1254 3931 iniquae,
1270 3862 1298 3914 et
1311 3857 1458 3915 scribentes
1471 3857 1639 3931 injustitiam
1648 3857 1826 3927 scripserunt,
1838 3857 1870 3909 ut

162 3963 237 4020 pone
252 3962 372 4003 manum
383 3945 522 4002 deorsum
535 3946 603 4019 :qui
620 3947 722 4004 statim
734 3947 872 4021 deposuit
883 3965 891 4018 3
902 3951 991 4020 atque
1044 3948 1269 4022 opprimodeattn
1281 3946 1387 4019 judicie
1396 3946 1636 4020 pauperculum
1648 3947 1871 4018 [acerentccusae
1917 4019 1920 4024 Ι

162 4035 243 4093 illico
253 4035 404 4108 adjunxit:
428 4035 553 4092 Remitte
562 4036 747 4109 evaginatum
759 4035 930 4109 gladiumin
941 4053 990 4092 va·
1044 4039 1195 4095 humilium
1208 4037 1276 4108 (leo.
1292 4054 1320 4102 ιι,
1337 4035 1375 4109 1).
1391 4039 1426 4092 Et
1441 4036 1566 4092 tortasse
1581 4034 1726 4091 audierint
1745 4032 1870 4089 Paulum

164 4126 277 4201 ginem,
293 4125 438 4183 etstatim
454 4124 579 4182 remisit.
595 4124 991 4199 Mircqnamodosieactum
1044 4124 1583 4200 apostolnmdicentem:lcoipiteocs
1612 4130 1787 4179 amatorem
1811 4120 1870 4189 Dei,

163 4218 219 4286 ast,
235 4218 268 4269 ut
281 4218 311 4269 et
326 4212 388 4284 ipse
410 4211 515 4269 beatus
544 4230 562 4270 a
591 4229 761 4286 percussore
788 4217 876 4287 caput
889 4213 993 4270 incnn·
1044 4224 1076 4274 at
1091 4216 1201 4289 possitis
1214 4214 1340 4271 reserere
1354 4216 1386 4270 tn
1400 4214 1444 4271 die
1454 4213 1530 4270 molo
1543 4211 1652 4285 (Ephes.
1667 4228 1708 4278 vr,
1720 4211 1775 4280 13).
1785 4208 1866 4274 Quod

164 4306 277 4361 etanter
291 4301 449 4372 amitteret,
463 4304 492 4357 et
505 4301 561 4358 iste
575 4304 639 4374 ejus
654 4302 787 4359 invocato
801 4302 921 4359 nornine
932 4318 991 4358 non
1045 4306 1071 4364 si
1084 4305 1130 4362 vel
1139 4303 1300 4372 audierint,
1317 4303 1431 4360 utinam
1443 4302 1653 4376 intelligant,et
1666 4316 1730 4372 qua
1745 4315 1873 4368 sequun-

165 4397 281 4450 tantum
298 4406 386 4447 suum
402 4395 539 4461 servaret,
556 4391 607 4447 sed
632 4392 722 4448 etiam
746 4391 831 4449 lerire
844 4390 989 4450 volentem
1045 4399 1112 4454 tur:
1126 4396 1233 4453 induite
1247 4395 1361 4450 loricam
1371 4393 1498 4461 laetitiae,
1509 4395 1649 4447 sumentes
1670 4391 1780 4444 scutum
1794 4384 1869 4454 fidet,

165 4483 237 4541 aden
252 4481 283 4537 in
299 4480 440 4537 membris
455 4480 629 4538 debilitaret.
1000 4498 1024 4565 Ι)
1039 4495 1065 4548 et
1076 4486 1184 4559 paleam
1196 4483 1294 4540 salutis
1310 4482 1448 4548 assumite,
1464 4484 1491 4536 ct
1502 4479 1627 4552 etodium
1650 4475 1781 4548 spirituas,
1796 4473 1873 4544 qood

202 4570 449 4642 Ibietiem(lbid.,
466 4587 491 4626 o.
508 4571 552 4644 18)
567 4576 597 4628 et
610 4570 719 4645 legitur
738 4571 893 4643 dejnvene
907 4571 995 4628 Bene.
1048 4580 1087 4636 at
1100 4574 1214 4632 vertam
1224 4571 1275 4629 Dei
1297 4569 1408 4642 (Epiros.
1435 4585 1476 4637 vr,
1502 4569 1557 4636 th).
1576 4563 1657 4630 Quod
1681 4566 1711 4619 et
1735 4560 1873 4619 Salomon

166 4661 244 4718 dioto
257 4659 474 4731 nominacujus
488 4658 624 4717 cellulam
639 4677 707 4717 cnm
719 4659 806 4717 Gothi
816 4659 896 4718 nullo
907 4660 994 4718 modo
1048 4678 1166 4740 quoque
1180 4661 1216 4717 de
1227 4658 1319 4732 justis
1333 4656 1468 4729 loquens,
1485 4654 1527 4711 ait
1540 4670 1547 4709 z
1560 4653 1679 4711 inducet
1689 4667 1740 4724 pro
1764 4656 1873 4708 thorace

165 4749 511 4822 incenderepotuissent,
531 4748 600 4806 inde
623 4765 690 4807 enm
715 4749 911 4817 extrahentes,
927 4765 992 4806 soc
1039 4752 1385 4829 jutitiam,etoasament
1404 4759 1457 4816 pre
1484 4743 1565 4814 acteo
1580 4740 1728 4815 judiciam
1755 4745 1872 4806 mom,

167 4856 255 4896 censo
270 4838 300 4894 in
310 4838 423 4895 clibano
433 4838 602 4896 clauserunt
614 4857 621 4909 ;
632 4839 679 4897 die
688 4855 755 4895 vero
766 4837 991 4896 alteraitlasum
1044 4843 1156 4900 sammt
1168 4841 1277 4895 amcam
1292 4831 1507 4906 inecpupoottte
1521 4831 1663 4904 aeqaitctie
1676 4832 1733 4904 (ap.
1757 4844 1784 4896 v,
1816 4825 1871 4897 19).

168 4927 431 5000 euminvenerunt,
445 4928 495 4984 sed
515 4926 991 4998 neeveatimentaejusullomodo
1046 4926 1223 5002 Hujusmcdi
1237 4923 1327 4982 armis
1343 4922 1392 4979 isti
1416 4921 1510 4979 nostri
1537 4918 1723 4994 antesignani
1749 4931 1804 4971 nos
1827 4915 1875 4969 in.

169 5020 240 5073 sunt
253 5020 367 5072 exusta.
389 5015 471 5072 Unde
486 5017 528 5073 ait
550 5017 653 5075 heatus
675 5015 833 5089 Gregorius
845 5015 875 5070 in
890 5014 992 5071 eodem
1046 5021 1167 5078 struem
1178 5011 1413 5073 dimicare.Nam
1424 5010 1616 5067 sacularibus
1630 5006 1721 5064 arnus
1730 5019 1873 5077 pugnare,

146 5149 149 5154 .
169 5105 358 5178 Dialegorum
374 5103 466 5163 libro:
483 5107 587 5163 Petrus
601 5107 631 5163 in
642 5106 716 5162 mari
728 5103 853 5178 pedibus
862 5100 995 5158 ambula·
1048 5109 1112 5183 ipsa
1122 5105 1232 5164 Paulus
1244 5120 1297 5160 nos
1309 5098 1444 5176 prohibet
1464 5099 1585 5157 dicens:
1609 5101 1672 5156 Neo
1698 5094 1875 5165 vosmetipsos

169 5193 222 5262 vit,
233 5193 342 5250 Paulus
352 5193 538 5269 naufragium
549 5192 679 5268 pertulit,
691 5197 720 5248 et
729 5192 826 5247 inuno
835 5190 996 5264 eodemque
1049 5191 1405 5271 defendentesehorttsimi,
1432 5189 1480 5247 scd
1502 5189 1567 5247 dote
1593 5187 1683 5243 lomim
1710 5185 1773 5241 irae.
1800 5182 1876 5238 Scri·

170 5282 315 5339 elemento
330 5282 380 5339 nbi
395 5283 504 5341 Paulus
519 5298 586 5338 cum
602 5281 670 5337 navi
685 5281 726 5336 ire
750 5295 808 5335 non
833 5279 940 5353 potuit,
954 5279 996 5335 ibi
1048 5295 1128 5361 ptum
1141 5290 1180 5343 eet
1194 5285 1287 5341 enim:
1303 5279 1536 5336 universatem
1556 5291 1608 5349 ege
1626 5274 1787 5343 retrivecm,
1803 5270 1876 5327 dixit

171 5371 274 5429 Petrus
289 5372 413 5445 pedibus
429 5374 485 5429 iter
499 5369 576 5426 lecit.
592 5368 665 5425 Gurn
677 5369 782 5426 Petrus
804 5369 899 5427 adhue
914 5369 999 5426 dnbi-
1051 5377 1188 5433 Dominae
1202 5373 1290 5446 (Rem.
1305 5385 1357 5434 ιιι,
1375 5367 1430 5439 12).
1446 5367 1482 5423 ut
1494 5366 1600 5423 Petrus
1615 5361 1877 5436 apostatandum

170 5465 247 5518 taret
261 5462 291 5518 in
306 5463 374 5532 fide,
389 5459 497 5517 Paulus
517 5473 585 5516 vero
604 5458 661 5515 fide
679 5462 709 5515 et
732 5474 819 5532 opere
830 5461 893 5532 jam
908 5459 1000 5532 perse
1053 5481 1108 5523 non
1120 5463 1263 5522 reddentes
1275 5458 1383 5514 motum
1394 5472 1447 5529 pro
1461 5455 1545 5525 moto,
1559 5454 1602 5510 vet
1625 5451 1801 5508 maledictam
1825 5462 1876 5520 pro

172 5556 246 5622 etus,
262 5549 501 5611 constantissime
516 5566 567 5625 pro
590 5548 706 5607 Christo
723 5549 757 5605 ad
774 5549 948 5624 martyrium
966 5567 999 5608 eo
1055 5554 1212 5626 mdedtete,
1227 5548 1274 5609 ced
1288 5564 1303 5607 e
1317 5546 1454 5606 contrario
1469 5545 1674 5610 benedicentem
1689 5541 1757 5614 pcto
1773 5539 1805 5596 in
1829 5536 1878 5632 hoc
