3908 6096
142 299 209 393 'iel
652 296 820 357 sut‘euls
841 296 1132 357 vuleeebtuuffls
1155 297 1333 359 belsebul
1797 305 1855 365 Μ

187 428 261 500 (799)
276 428 428 498 decaetero,
441 426 548 499 inquit,
560 426 614 482 hoc
624 431 678 497 cet,
691 426 726 482 dc
737 426 849 499 reliquo
865 431 972 493 autem,
988 426 1015 493 Α
1030 427 1134 484 ationis
1144 432 1172 482 et
1180 427 1390 485 satisfactionis
1410 435 1455 486 est
1465 429 1616 488 iudicium.
1627 433 1811 504 Quapropter
1819 433 1855 490 ab

152 523 299 591 preterea,
313 520 428 589 fratrea,
443 515 577 588 gamiele:
594 516 710 585 perfecti
727 520 830 578 estete:
844 521 974 572 ecberte·
1029 515 1169 588 Apostolo
1184 516 1318 573 osculum
1333 518 1411 589 quod
1422 522 1646 576 commendatur
1660 537 1780 593 semper
1789 537 1854 578 cum

151 606 235 675 mini,
248 605 303 662 bec
319 609 373 673 est,
389 607 419 661 ia
435 606 606 661 alterutrum
619 620 670 661 vos
682 608 798 661 monete
810 622 818 672 ς
830 604 885 660 hac
895 605 974 660 enim
1029 604 1180 660 additione
1194 605 1324 679 ponitur.

150 693 361 762 exhortatione,
376 711 435 767 qua
449 710 501 767 epe
521 694 687 749 futurorum
703 698 880 765 superantur
892 692 973 758 vitia,
1065 694 1221 764 Sequitur:
1239 694 1365 752 Salaecae
1378 712 1424 754 ees
1438 699 1528 753 seneli
1547 712 1649 754 emeca.
1664 697 1707 755 Ae
1720 696 1747 754 ei
1762 697 1855 756 dixia-

33 797 36 801 ·
152 782 285 841 nescitur
299 783 445 856 perfectio,
466 799 500 839 ex
521 783 697 855 perfectione
718 788 817 839 autem
832 782 974 855 gaudium
1029 786 1073 836 set
1085 798 1090 837 :
1102 781 1164 839 Non
1177 786 1319 856 petentes,
1333 800 1391 840 non
1401 784 1559 859 principes,
1580 786 1631 842 sed
1641 786 1738 843 sancti
1753 802 1854 844 omues

152 871 973 947 quianemogauderepotestetperlectusessenonvalet,
1029 868 1855 947 Hocautemenimadvertendumeet,quareilliesencto·

153 962 210 1020 nisi
231 962 300 1018 vitia
326 965 452 1037 superet.
474 962 627 1035 Sequitur:
653 962 733 1018 idem
756 962 854 1031 sopite.
869 960 976 1034 Tangit
1030 974 1094 1014 rum
1111 959 1217 1016 dixerit
1232 959 1368 1016 salutem.
1384 960 1537 1032 Videlicet,
1561 966 1594 1018 ut
1608 961 1676 1020 illos
1690 962 1729 1020 ad
1746 963 1854 1020 benum

153 1051 232 1107 enim
244 1051 309 1121 hee,
326 1052 397 1124 quia
411 1056 440 1107 et
453 1051 482 1106 in
498 1052 593 1122 prime
617 1055 905 1119 commemoraverat,
923 1049 974 1106 ubi
1029 1047 1191 1104 sanctitatis
1207 1054 1386 1119 provocaret,
1400 1055 1547 1121 quatenus
1558 1049 1608 1122 qni
1618 1050 1855 1108 salutabanture

153 1139 211 1196 ait:
246 1140 372 1208 Obsecro,
401 1142 431 1195 ut
458 1141 548 1212 ipsum
576 1140 673 1195 emetis
701 1140 723 1211 (l
749 1139 975 1208 Cer.1,10).iit
1020 1135 1216 1214 sanctis3vel
1233 1142 1311 1194 certe
1327 1137 1574 1196 uteosinvitaret
1593 1139 1854 1198 adinvicemred-

151 1228 266 1286 hneest
291 1228 431 1301 quodhic
460 1229 541 1296 dicit,
570 1228 643 1285 idem
671 1230 772 1297 sepite,
802 1228 830 1283 id
847 1233 973 1296 estnon
1029 1225 1856 1299 dendam‚quatenusquisalutabanturasanctiesalu·

151 1317 299 1375 diversum
316 1319 423 1384 deme,
439 1316 483 1374 vel
499 1318 528 1373 in
544 1334 602 1388 me,
619 1317 680 1373 siva
706 1317 735 1371 in
751 1318 818 1384 ilde,
834 1322 863 1373 et
878 1333 973 1389 opere,
1028 1318 1262 1371 torentsauctos.
1275 1316 1309 1370 Et
1331 1320 1399 1372 uota
1419 1317 1557 1389 quianon
1569 1320 1685 1374 mnium
1701 1319 1854 1386 aitscaeti,

136 1406 307 1479 Sequitur:
324 1412 423 1464 Pacem
452 1410 558 1463 liabete.
582 1405 973 1478 commendatilliepacem‚
1029 1402 1079 1457 sed
1095 1402 1209 1458 addidit
1233 1419 1338 1475 omnes,
1369 1404 1508 1476 quoniam
1537 1407 1855 1466 sauctorumestvalle

150 1501 271 1568 propter
281 1512 330 1552 eos
340 1494 484 1563 videlicet,
497 1496 545 1568 qui
562 1496 694 1552 fraudem
717 1499 746 1551 et
761 1494 900 1566 injuriam
916 1495 974 1550 lra-
1029 1507 1132 1547 omnes
1146 1507 1211 1547 esee
1225 1490 1331 1548 salvos.
1348 1493 1423 1565 Ergo
1439 1494 1489 1565 qni
1505 1495 1637 1552 omnium
1651 1495 1781 1552 salutem
1797 1513 1854 1554 nen

151 1583 248 1640 tribue
262 1583 442 1656 ingerebant,
456 1587 484 1640 et
498 1586 535 1640 ob
551 1583 605 1642 boc
619 1584 655 1639 ad
679 1582 842 1639 infidelium
860 1582 975 1654 judicia
1029 1583 1119 1650 optat,
1136 1595 1167 1635 se
1182 1595 1299 1652 queque
1310 1579 1340 1636 in
1356 1580 1410 1637 hae
1435 1580 1611 1640 salutatione
1634 1600 1694 1641 non
1719 1600 1854 1659 compre·

152 1673 369 1746 pertrahebant,
385 1676 418 1729 ut
431 1674 471 1729 ait
485 1673 515 1741 in
532 1673 647 1746 prima:
665 1672 716 1730 Sed
730 1689 775 1729 eoa
786 1675 973 1745 injuriemfe·
1029 1666 1119 1722 hendi
1134 1666 1288 1748 intelligat.

152 1763 224 1832 citis,
240 1761 416 1834 etfreedetia
431 1761 455 1834 (l
470 1760 529 1819 Cer.
560 1779 599 1832 v1,
627 1762 666 1833 8),
682 1766 738 1818 etc.
768 1761 924 1833 Sequitur:
940 1764 974 1817 lie
988 1796 1013 1860 Β
1064 1756 1220 1827 Sequitur:
1238 1758 1333 1814 Gratia
1348 1761 1460 1816 Domini
1472 1763 1561 1818 nestri
1586 1763 1650 1818 icae
1664 1762 1783 1833 Christi,
1797 1769 1850 1821 etc.

151 1851 221 1907 Deua
234 1853 311 1922 pecie
332 1856 358 1906 et
381 1851 534 1907 dilationis
555 1852 608 1906 erit
631 1850 780 1906 vobiscum.
805 1850 975 1906 Terminate
1032 1844 1124 1901 Finita
1138 1861 1255 1918 quoque
1279 1845 1467 1915 salutatione,
1497 1851 1650 1921 subjunxit
1676 1851 1852 1924 orationem,

150 1939 361 2008 exhortatione,
376 1939 531 2011 subjunxit
546 1939 754 1996 narrationem.
771 1940 852 2005 Deus,
866 1939 972 2011 inquit,
1029 1933 1132 2002 Gratia,
1148 1934 1253 2006 inquit,
1269 1937 1388 2007 Domini,
1413 1940 1467 1993 etc.
1492 1937 1567 1994 illud
1592 1956 1665 1998 seue
1688 1942 1851 1999 nomadum

147 2030 235 2101 pace,
251 2033 307 2085 etc.
324 2028 402 2084 Deua
418 2028 497 2100 pacis
512 2027 629 2092 dicitur.
647 2028 716 2100 quia
737 2027 800 2099 ipse
815 2032 860 2084 est
873 2032 974 2085 auctor
1028 2023 1098 2094 quia
1112 2023 1142 2078 in
1158 2023 1215 2079 fine
1230 2023 1319 2095 hujus
1334 2025 1470 2098 Epistola
1485 2026 1608 2084 unitatis
1623 2028 1756 2100 charitas
1771 2047 1851 2088 cnm·

150 2118 337 2191 pacis,juxta
347 2117 418 2173 illud
430 2117 562 2188 ejusdem
572 2116 704 2190 Apostoli
714 2133 720 2172 ε
732 2116 857 2173 Christus
861 2134 919 2189 perc
928 2133 974 2174 ae·
1028 2112 1194 2168 mendatur.
1212 2113 1245 2168 lit
1259 2112 1381 2185 pulchre
1396 2115 1517 2187 quidem
1533 2115 1563 2172 in
1573 2117 1642 2186 tide,
1653 2119 1725 2191 quia
1735 2136 1850 2178 summe

149 2208 215 2271 iere,
232 2207 280 2278 qm’
292 2207 357 2276 feeit
371 2215 488 2277 utreque
505 2221 593 2260 anem
613 2205 721 2276 (tipice.
747 2206 848 2275 11‚14).
865 2206 900 2261 iit
913 2206 972 2261 Do·
1027 2200 1165 2271 perloetio
1181 2200 1211 2255 in
1228 2200 1355 2258 Unitatie
1381 2202 1523 2261 Trinitete
1551 2206 1700 2264 consistit.
1716 2207 1850 2267 Charites

151 2292 269 2348 minue:
285 2294 385 2349 Pacem
400 2292 627 2364 relinqueretis,
644 2308 738 2365 peecm
753 2293 973 2351 meemdeeeiic
1028 2304 1154 2361 namque
1173 2289 1267 2346 Patris
1295 2291 1380 2348 nobis
1409 2292 1587 2351 Salvatorem
1617 2295 1736 2368 direxit,
1751 2297 1849 2370 idest,

151 2382 243 2453 (icen.
259 2397 318 2448 x1v,
332 2384 389 2450 27).
405 2380 576 2437 Dilectienie
604 2385 680 2437 Deus
709 2384 763 2448 est,
776 2382 859 2451 juxta
874 2381 946 2438 illud
963 2399 971 2437 :
1026 2377 1139 2449 iesum,
1155 2379 1240 2450 cujus
1255 2381 1349 2452 gratia
1363 2398 1467 2438 sumus
1478 2384 1714 2457 redemptione
1725 2388 1849 2457 charites

149 2469 310 2527 desectam
333 2486 435 2527 aecem
462 2469 495 2526 de
523 2471 608 2537 vebis,
643 2477 673 2525 nt
700 2469 827 2543 diligetis
854 2472 974 2528 inuicem
1028 2468 1849 2546 atquegratiasanctiquoqnsSpirituscommunicatione

151 2559 243 2630 (leco.
259 2576 320 2630 aur,
332 2559 389 2630 34),
403 2563 470 2627 etc.;
482 2558 591 2614 etitem
604 2576 610 2615 :
635 2560 665 2613 le
689 2556 737 2614 bec
749 2563 906 2627 cepaeeceni
915 2575 972 2615 om·
1028 2555 1112 2612 nobie
1122 2561 1264 2623 servetur,
1276 2558 1384 2632 quippe
1394 2559 1515 2618 dilectos
1524 2578 1542 2618 a
1551 2562 1673 2621 Patreec
1679 2565 1848 2639 redemptos

151 2662 209 2714 nec,
223 2648 289 2719 qaia
302 2663 356 2703 mee
371 2647 591 2718 estisdiscipeii,
603 2649 630 2702 ei
638 2645 813 2703 dilectionem
822 2647 973 2706 debueritis
1028 2645 1126 2702 aFilio
1137 2647 1264 2719 Spiritus
1274 2652 1394 2705 sauctus
1404 2655 1544 2725 perpetue
1554 2654 1846 2713 tuetureedeisndit.

152 2734 188 2791 ed
202 2736 318 2792 invicem
332 2735 424 2808 (leid,
440 2736 496 2807 35).
520 2739 554 2791 et
573 2740 618 2792 eet
641 2752 765 2792 senene:
782 2736 811 2791 Si
827 2753 929 2808 pacem
945 2742 974 2794 st
1026 2734 1106 2789 Fecit
1119 2735 1206 2790 eiiam
1231 2736 1279 2791 hie
1305 2736 1388 2793 loeus
1414 2738 1553 2797 adversus
1582 2741 1697 2811 Arium,
1719 2743 1775 2816 qui
1787 2744 1845 2802 idco

151 2822 335 2881 dilectionem
358 2824 531 2890 habueritis,
556 2830 705 2880 auctorem
730 2825 810 2897 pecie
833 2831 973 2899 perpetuo
1026 2822 1113 2878 etiam
1125 2824 1239 2880 dicebat
1251 2824 1356 2882 Filium
1368 2825 1511 2884 minorem
1522 2829 1616 2898 Patra,
1633 2846 1669 2888 eo
1691 2833 1773 2904 quod
1788 2833 1844 2890 nbi·

149 2913 350 2985 possidebitis.
366 2914 431 2971 Haeo
446 2914 524 2970 enim
539 2919 584 2970 est
597 2931 654 2986 pax
668 2919 845 2986 certantque
857 2931 971 2985 secura,
1026 2929 1152 2984 cumque
1162 2913 1257 2969 Petris
1268 2914 1370 2971 etFilii
1390 2915 1472 2973 lieret
1489 2919 1609 2987 mentio,
1633 2936 1756 2994 semper
1769 2925 1844 2979 Pater

150 3018 238 3074 quam
247 3001 331 3075 impii
341 3003 512 3060 baberenen
519 3006 644 3076 possunt
655 3021 661 3070 ;
673 3003 750 3059 uude
758 3008 803 3058 est
813 3003 885 3059 illud
899 3007 972 3061 :Non
1025 3007 1251 3073 preponeretur.
1261 3006 1311 3058 Est
1321 3003 1408 3060 etiam
1418 3007 1580 3063 nomadum
1592 3007 1664 3080 quia
1674 3026 1735 3067 non
1746 3011 1843 3068 eitter-

148 3100 189 3149 est
195 3107 254 3164 poc
263 3093 372 3164 impiis,
383 3093 450 3149 dicit
461 3094 598 3149 Dominae
608 3092 684 3165 (lsai.
697 3109 763 3163 neu,
774 3093 831 3164 2a).
847 3092 969 3150 Verum·
1025 3094 1089 3146 tum
1102 3091 1264 3163 vobiscum,
1276 3093 1326 3149 sed
1335 3109 1399 3149 cem
1407 3095 1544 3165 omnibus,
1556 3096 1694 3154 videlicet
1707 3105 1744 3155 ut
1756 3105 1841 3157 oeten·

147 3184 247 3238 tamen
258 3180 313 3237 etsi
324 3181 434 3238 babent
443 3197 544 3252 pacem
556 3180 636 3249 mali,
648 3179 733 3253 longe
744 3181 864 3254 quidem
878 3163 1006 3238 distatC
1025 3180 1105 3236 deret
1118 3195 1206 3251 quam
1222 3179 1408 3238 dilectionem
1433 3182 1562 3254 haberet,
1585 3201 1655 3243 cum
1679 3204 1741 3245 non
1757 3188 1840 3246 solnm

148 3270 358 3343 abietaquam
373 3270 517 3327 Dominus
538 3270 688 3341 discernit,
709 3270 779 3325 dum
795 3286 853 3326 non
869 3271 968 3343 talem,
1024 3268 1172 3339 cerrectis,
1189 3270 1240 3325 sed
1269 3270 1357 3326 etiam
1385 3271 1556 3331 incorrectis
1583 3276 1839 3352 gratiamoplami

151 3359 268 3431 qualem
280 3360 410 3415 mundus
420 3360 481 3425 dat,
492 3359 534 3414 ait
544 3374 551 3415 :
562 3359 720 3414 Xuedetum
738 3375 839 3415 aevum
849 3359 881 3416 de
892 3360 969 3416 veiis
1023 3357 1111 3421 Quasi
1122 3357 1259 3415 dixisset:
1273 3359 1304 3416 In
1316 3360 1371 3418 boc
1383 3377 1557 3434 cognoscere
1566 3366 1694 3437 potestis
1705 3373 1837 3440 quantun

146 3449 177 3501 et
204 3447 329 3514 diligetis
357 3448 474 3502 invicem
500 3447 588 3517 (icae.
616 3463 675 3512 xiv,
700 3447 756 3519 27).
775 3447 969 3514 tuccetum,
1025 3462 1076 3502 vos
1091 3447 1222 3519 diligam,
1239 3464 1305 3504 cum
1326 3467 1383 3507 nen
1407 3449 1503 3508 solum
1527 3453 1679 3527 correctis,
1694 3457 1750 3513 sed
1765 3457 1836 3514 cusu

89 3604 92 3609 ¹
148 3534 227 3606 qued
243 3533 390 3591 umbem
402 3537 493 3606 pecie,
507 3538 575 3603 ete,
590 3534 682 3589 voluit
697 3535 856 3602 Apostolus
870 3536 971 3592 subin·
1025 3535 1455 3611 necdumcorrectiegratiam
1484 3544 1592 3614 optem.
1616 3542 1836 3602 Siveideodieit

98 3616 100 3621 ’
149 3622 241 3697 telligi
256 3623 326 3696 quie
340 3623 365 3680 si
380 3624 447 3680 odia
461 3628 490 3680 et
505 3624 581 3678 rixas
593 3623 742 3693 haberent,
759 3627 860 3679 auctor
870 3624 929 3680 odii
942 3629 970 3681 et
1023 3639 1087 3679 cum
1097 3623 1277 3696 amcitiam
1287 3642 1345 3682 non
1356 3627 1537 3700 exciperetur
1547 3646 1646 3700 sexus,
1658 3636 1744 3704 etas,
1755 3629 1834 3693 cond

146 3718 224 3786 riae,
242 3716 296 3772 bec
325 3719 369 3771 eet
395 3712 539 3780 diabolus,
565 3717 705 3786 perpetuo
731 3728 780 3769 coe
795 3713 967 3784 possideret.
1024 3712 1073 3784 tio,
1089 3711 1208 3785 lingua,
1224 3714 1503 3790 ecdsicuteauguie
1521 3718 1628 3776 Christi
1645 3737 1753 3780 omnes
1768 3721 1831 3779 rede·

181 3806 340 3881 Sequitur:
357 3803 487 3861 Saieietc
499 3803 618 3858 invicem
640 3803 671 3858 in
685 3803 774 3858 oecaie
789 3810 896 3858 sancte.
913 3802 967 3859 Sa·
1023 3802 1087 3869 mit,
1116 3801 1158 3858 sic
1186 3807 1215 3858 et
1242 3819 1345 3860 omnes
1372 3804 1480 3862 Christi
1508 3806 1635 3879 gratiam
1649 3810 1828 3882 possiderent

142 3897 247 3956 lutatio
260 3911 365 3968 nempe
379 3893 521 3951 indicium
547 3897 634 3964 atque
658 3892 767 3966 optatio
791 3896 837 3949 est
850 3891 964 3949 salutis.
1020 3893 1105 3948 Amen
1119 3908 1186 3948 vero
1201 3908 1298 3949 sermo
1313 3897 1359 3951 eet
1372 3895 1614 3966 confirmationis,
1628 3898 1680 3971 qui
1691 3899 1827 3959 confirmet

141 3980 609 4045 Haecealutatioethoooeculum
620 3982 963 4050 aitsanctumosculum,
1019 3981 1129 4039 omnia.

140 4078 192 4135 sed
208 4075 326 4132 illerum
349 4071 483 4130 osculum
510 4071 716 4144 corruptionis,
742 4075 771 4128 et
794 4070 878 4143 quasi
893 4070 939 4127 rei
953 4101 964 4111 -
1284 4074 1371 4141 Finis,
1387 4075 1443 4131 Dee
1460 4077 1575 4146 pretias.

175 4237 249 4310 (796)
264 4235 315 4291 Hic
329 4234 361 4291 in
375 4239 474 4306 euteg.
491 4249 583 4306 marg.
597 4231 705 4306 legitur
720 4248 783 4304 cap.
800 4230 893 4287 XXIX.

409 4857 716 4948 EXPOSITIO
746 4855 802 4945 IN
831 4853 1149 4945 EPISTOLAM
1178 4852 1249 4941 ΑΙ)
1279 4852 1551 4946 GALATAS.

405 5170 670 5229 ARGUMENTUM.
964 5171 988 5236 1)
1003 5166 1212 5240 prophetarum
1227 5167 1315 5224 verba
1329 5169 1365 5225 ad
1381 5168 1518 5226 homines
1533 5169 1737 5244 proteruntur,
1751 5173 1825 5233 rele-

160 5263 389 5323 Animadvertite
404 5262 481 5334 quod
496 5261 573 5317 sicut
596 5261 626 5316 in
651 5260 732 5316 novis
756 5259 947 5331 temporibus,
1003 5257 1082 5312 mine
1094 5258 1242 5327 teguntur.
1260 5256 1302 5312 lbi
1319 5273 1447 5328 namque
1459 5273 1527 5313 earo
1539 5258 1825 5331 valeamsusntbie

124 5366 191 5408 cum
205 5353 334 5411 Verbum
351 5351 398 5408 Dei
415 5366 449 5407 ex
464 5350 558 5405 Maria
572 5348 695 5421 virginis
710 5364 796 5404 carne
811 5347 948 5402 indutum
1003 5342 1101 5400 littere
1112 5362 1121 5397 :
1134 5343 1249 5400 etsicut
1264 5346 1320 5401 sub
1335 5343 1586 5403 carnisvelamine
1604 5346 1717 5407 latebat
1726 5349 1824 5408 divini·

122 5434 947 5512 processitinmundum,aspectue,humanitatieomnibus
1001 5433 1080 5504 tutis,
1096 5432 1139 5488 sic
1153 5438 1182 5489 et
1197 5434 1252 5490 sub
1275 5433 1419 5491 velamine
1442 5433 1546 5491 littere
1568 5434 1676 5495 lateret
1689 5437 1824 5525 spiritalis

115 5518 248 5603 patebat,
259 5529 413 5604 perpaucis
423 5535 532 5597 eutem,
544 5527 599 5583 hoe
616 5530 670 5596 eet,
690 5524 876 5582 solummodo
886 5522 943 5580 ele·
1000 5520 1194 5594 intelligentia
1204 5539 1211 5578 :
1223 5526 1252 5579 et
1262 5521 1339 5580 sicut
1348 5522 1425 5579 beati
1437 5522 1525 5596 oouli,
1536 5524 1587 5597 qui
1600 5524 1632 5583 in
1643 5542 1735 5587 carue
1744 5542 1822 5603 agne·

119 5615 175 5681 eus
190 5615 352 5677 divinitatis
380 5618 505 5677 dabatur
530 5614 667 5690 cognitio,
690 5615 730 5673 ita
744 5629 811 5672 cum
826 5610 901 5686 legis
915 5614 945 5671 et
1000 5611 1120 5670 eeebeut
1132 5610 1222 5679 latere
1237 5611 1430 5699 eiuqitsten,
1447 5612 1487 5701 iis
1510 5616 1539 5678 el
1555 5612 1600 5699 lili
1621 5613 1717 5701 Μ,
1726 5618 1783 5697 ‘qui
1794 5618 1819 5682 iu
