3900 6098
56 316 122 378 125
348 309 560 375 llXPOSl'l'lO
581 311 620 372 IN
643 303 861 370 irrisiones
885 302 1020 364 PAULI.
1034 336 1074 347 -
1089 303 1130 363 ΙΝ
1154 304 1296 368 crist.
1318 309 1348 371 ll
1371 312 1423 373 Ab
1446 315 1536 378 uult.
1756 325 1815 389 eso

58 445 242 521 pauitantia
259 443 385 502 iecisse:
402 459 481 510 nam,
499 440 558 499 nisi
575 439 771 516 cognovisset,
788 449 898 506 neque·
913 433 942 499 Α
957 432 1131 503 periculum
1147 434 1536 506 instat,valdecavendum
1552 452 1605 522 est,
1618 453 1750 524 rujuno
1761 456 1811 513 Sa-

57 552 151 610 quem
166 535 299 607 recipere
310 534 452 607 jussisset
466 549 473 600 ;
490 549 563 588 nam
575 528 821 604 poenitentiaque
832 539 899 578 cum
954 519 1126 590 lamonem,
1141 539 1255 592 neque
1273 528 1309 584 ad
1325 533 1482 608 dexteram,
1498 554 1591 610 neque
1606 541 1641 595 ad
1657 542 1805 602 sinistram

57 624 161 683 dolore
175 624 265 681 luerit
280 623 378 680 oblata
394 623 492 678 iruutu
507 639 567 676 non
584 619 697 676 carebit
714 635 720 673 :
744 614 823 687 quod
838 628 900 667 ma·
953 609 1152 667 declinemus
1168 611 1280 681 (Pron.
1297 636 1333 688 rr,
1349 625 1401 690 273
1418 625 1482 681 [sag
1497 643 1560 694 m,
1576 628 1631 695 21),

58 715 220 772 niieetatur
234 715 265 769 in
285 713 374 768 David
390 715 418 767 et
432 711 463 766 in
479 703 584 766 Achab
594 708 683 780 (693).
699 711 742 765 Ne
757 703 901 760 abandon-
991 698 1169 769 Sequitur:
1202 697 1271 758 Noa
1291 711 1362 766 mtm
1381 715 1798 793 ignoramurcoor'tatioaesejce.

58 806 126 861 tisri
140 803 260 860 tristitia
276 802 473 862 absorbeatur:
489 799 577 872 quasi
593 799 711 854 diceret
728 813 735 850 :
757 790 902 864 suscipite
955 786 1050 842 llunc
1064 784 1164 845 locum
1177 788 1295 853 beatus
1308 816 1381 872 papa
1392 802 1543 874 Gregorius
1556 803 1597 858 ita
1607 808 1733 878 exponit.
1749 807 1797 864 ul-

58 890 160 959 illum,
176 889 303 946 neforto
319 906 336 945 a
355 888 455 944 limine
470 885 608 942 Ecclesia
624 884 784 956 projectus
803 881 901 936 dicat:
955 875 996 932 cit
1015 872 1104 934 euim
1122 897 1128 935 :
1154 880 1205 935 llas
1224 891 1295 942 suut
1310 888 1399 944 bostis
1413 890 1523 961 antiqui
1538 894 1683 963 versutia,
1699 901 1731 952 ut
1743 912 1796 970 per

58 975 127 1038 lam
136 978 208 1052 quia
219 980 366 1050 proiectus
377 973 651 1033 aliminellcclosiae
664 964 903 1037 sum,consortic
955 965 1162 1037 immoderata
1174 971 1258 1031 bona
1269 975 1349 1032 sallat
1358 977 1498 1033 incautos.
1511 977 1582 1035 Nam
1594 981 1662 1038 inde
1675 983 1749 1040 solet
1762 984 1793 1042 in

60 1071 209 1126 bonorum
220 1084 278 1123 non
291 1065 428 1129 iucunde
440 1081 493 1138 spe
504 1061 672 1119 coelestium
686 1059 834 1116 donorum
847 1076 903 1115 non
957 1055 1050 1115 corde
1066 1060 1187 1118 alterius
1205 1064 1315 1122 malum
1330 1082 1468 1137 generare
1483 1065 1558 1134 rixae,
1572 1069 1650 1126 unde
1665 1069 1791 1129 alterum

60 1173 229 1231 prasumo;
246 1154 316 1228 quid
339 1158 438 1221 restat,
454 1153 511 1209 nisi
527 1150 633 1207 saltem
651 1145 902 1213 delectationibus
956 1148 1038 1204 videt
1055 1151 1222 1226 neglectum
1239 1152 1355 1226 pietatis
1370 1152 1483 1209 fecisse.
1499 1156 1643 1220 Quoniam
1663 1161 1791 1232 perlecto

59 1244 278 1320 temporalibus
289 1243 480 1299 iruar‘iUnde
491 1240 904 1297 valdenecesseestutcausa
956 1240 1070 1297 bonum
1088 1259 1224 1299 essenon
1242 1246 1347 1317 potest,
1360 1241 1436 1311 quod
1453 1241 1493 1297 ita
1509 1245 1615 1313 agitur,
1628 1245 1654 1300 si
1670 1264 1728 1304 non
1744 1253 1789 1304 at-

62 1335 176 1409 prcpril
192 1333 291 1390 delicti
308 1331 393 1388 fratri
415 1330 703 1396 condescendamus,
720 1345 757 1385 ne
780 1328 829 1386 ille
852 1327 902 1401 qui
956 1331 1146 1404 tendatquod
1162 1331 1231 1387 mali
1246 1349 1280 1388 ex
1296 1329 1387 1386 altera
1402 1333 1483 1400 parte
1494 1331 1622 1387 oriatur:
1641 1333 1698 1391 nisi
1709 1337 1788 1394 'torte

60 1426 130 1481 ideo
141 1426 237 1480 luerat
247 1422 361 1494 ejectus
376 1425 409 1476 ut
424 1420 613 1491 reciperetur,
624 1431 686 1473 non
703 1422 850 1490 receptus,
865 1419 901 1475 ad
955 1420 1013 1476 tale
1026 1421 1065 1477 eit
1076 1421 1148 1478 illud
1161 1423 1282 1488 bonum,
1295 1418 1373 1488 quod
1387 1418 1498 1490 absque
1509 1417 1631 1477 alterins
1644 1423 1786 1482 scandalo

60 1511 281 1585 blasphemiam
293 1513 323 1565 et
333 1510 370 1566 ad
380 1506 520 1564 barathra
533 1504 717 1563 infidelitatis
728 1507 900 1580 desperatus
955 1510 1017 1566 ficri
1034 1527 1092 1567 non
1108 1513 1212 1583 possit,
1224 1514 1253 1564 et
1268 1522 1326 1561 non
1338 1505 1441 1562 iecisse
1452 1513 1603 1579 peccatum
1620 1510 1670 1566 sit.
1683 1514 1786 1570 Addu-

61 1595 219 1657 trabatur.
585 1647 588 1652 ,
954 1597 993 1654 cit
1003 1599 1106 1656 beatus
1117 1616 1193 1673 papa
1203 1593 1360 1666 Gregorius
1374 1593 1457 1651 illum
1471 1597 1519 1668 qui
1531 1597 1644 1654 crimen
1659 1602 1784 1659 commi·

96 1687 236 1762 Sequitur
252 1703 259 1743 t
285 1689 403 1759 Propter
423 1686 631 1758 quadrisemo,
647 1688 703 1741 eto.
719 1685 898 1741 charitatem
954 1687 1038 1743 situd
1049 1682 1801 1758 testimonium‚etintelligiteumjusslssetradere·

59 1777 133 1836 dicit
143 1776 226 1833 illam
238 1774 488 1848 quaintellexerat
500 1790 531 1830 ee
545 1771 750 1829 remissionem
760 1789 899 1831 consecu-
952 1776 1080 1846 diabolo,
1098 1777 1168 1833 dum
1190 1771 1327 1845 precepit
1341 1771 1454 1828 Satanae
1469 1775 1594 1832 tradere.
1611 1776 1692 1835 Dicit
1705 1780 1785 1838 enim

59 1862 899 1924 tu'momniumdelictorum.Charitatemveroconfirmare
954 1865 1024 1937 quia
1039 1882 1147 1936 magna
1162 1856 1325 1931 magisterii
1341 1866 1401 1917 arta
1417 1868 1514 1918 actum
1529 1868 1585 1933 est,
1602 1871 1638 1922 ut
1662 1868 1712 1925 ille
1735 1887 1786 1927 co-

58 1957 88 2011 in
102 1955 166 2026 illo,
176 1957 224 2009 est
234 1951 372 2008 affectum
383 1952 503 2024 pietatis
514 1951 745 2022 ostendere,qua
755 1954 785 2006 et
797 1951 899 2008 remis·
953 1958 1036 2011 actus
1046 1951 1285 2010 substerneretur
1294 1948 1322 2004 in
1334 1952 1487 2022 poena,qui
1498 1957 1604 2023 sponte
1613 1956 1797 2015 substratus·

58 2041 898 2116 donempeccatornmseconsecutumagnoscat,etde
952 2043 1040 2098 estin
1056 2041 1156 2111 culpa.
1173 2035 1266 2105 etqui
1281 2042 1382 2094 auctor
1402 2038 1458 2095 luit
1481 2038 1601 2096 malitia
1630 2042 1661 2100 in
1687 2045 1785 2120 culpa,
1845 2030 1848 2037 ¹

58 2149 110 2207 epe
124 2130 210 2204 regni
226 2129 353 2186 coelestis
368 2132 539 2201 presumat.
556 2127 699 2200 Sequitur
716 2146 723 2185 ι
743 2128 806 2184 ldeo
821 2131 896 2183 enirn
952 2136 1029 2187 esset
1043 2124 1196 2199 flagellum
1212 2123 1372 2197 discipline
1386 2127 1415 2183 in
1437 2146 1531 2200 poena.
1549 2128 1680 2204 Exponit
1694 2134 1785 2191 etiam

57 2224 117 2280 ltaec
125 2220 238 2293 scripsi,
249 2224 280 2274 at
291 2234 451 2290 cognoscam
461 2219 686 2291 experimentum
695 2225 826 2283 oestrum,
839 2221 894 2273 stc.
952 2221 1014 2292 ipss
1031 2233 1096 2291 qua
1112 2208 1183 2265 dicit
1195 2214 1352 2284 Apostolus
1369 2234 1375 2271 ι
1402 2217 1433 2273 Si
1456 2220 1504 2274 cut
1526 2217 1666 2289 donastis,
1681 2226 1706 2278 et
1725 2238 1783 2295 rgo,

55 2310 107 2367 Hie
121 2307 222 2367 verbis
239 2307 365 2363 ostendit
389 2307 468 2380 quod
493 2307 552 2380 ipsi
571 2307 637 2379 jam
662 2310 813 2380 creparent
829 2322 895 2363 esse
950 2308 1037 2379 quasi
1050 2299 1176 2360 dixisset
1190 2317 1196 2354 2
1212 2301 1323 2361 Vestris
1334 2306 1419 2362 bonis
1431 2306 1544 2363 actibus
1556 2324 1661 2365 meum
1674 2309 1783 2368 bonum

57 2399 251 2457 obedientes:
279 2395 405 2452 maxime
429 2397 465 2452 ob
486 2395 551 2464 hoc,
568 2394 640 2468 quia
654 2412 688 2451 ea
703 2399 893 2452 correxerant
948 2389 1106 2469 conjunxi,
1121 2388 1189 2458 (1¹1ia
1204 2408 1302 2449 meum
1317 2412 1380 2452 esse
1395 2395 1469 2468 volu,
1486 2398 1510 2452 ei
1535 2394 1609 2468 quid
1634 2397 1704 2456 boni
1718 2416 1781 2456 ero·

55 2503 120 2564 qne
133 2489 170 2545 ad
187 2486 300 2544 cultum
316 2485 383 2543 lidei
399 2490 429 2541 et
443 2484 576 2541 ordinem
592 2484 829 2541 ecclesiasticum
845 2487 890 2540 at·
945 2485 1025 2558 gatis
1043 2475 1131 2552 (694)-

56 2579 200 2637 tinebant.
216 2577 252 2633 m
275 2576 339 2632 ideo
363 2574 510 2647 ascripsit,
536 2579 569 2630 ut
592 2573 685 2630 istum
710 2574 886 2646 reciperent,
980 2565 1145 2644 sequitur:
1163 2573 1200 2631 Et
1214 2588 1270 2645 epo,
1282 2575 1307 2629 ci
1321 2576 1366 2630 oui
1380 2575 1489 2640 dcccvi,
1501 2579 1570 2645 etc,
1585 2577 1674 2648 quasi
1689 2577 1780 2635 dixis·

57 2674 205 2744 quatenus
214 2665 350 2738 probaret
360 2664 385 2719 si
400 2665 430 2720 in
442 2664 581 2719 omnibus
591 2664 761 2720 obedientes
772 2666 883 2732 essent,
940 2667 1006 2721 set:
1028 2657 1145 2715 Vestris
1156 2659 1240 2719 bunis
1256 2680 1353 2720 meum
1364 2664 1475 2721 bonum
1491 2662 1614 2736 sociavi,
1631 2667 1778 2741 quiapro-

58 2759 125 2831 quia
138 2755 192 2813 illa
204 2771 272 2812 vers
286 2757 330 2811 est
343 2752 517 2820 obedientia,
534 2768 596 2823 quea
620 2753 650 2807 in
675 2752 756 2809 nullo
779 2752 881 2824 praci—
936 2756 1007 2824 pter
1021 2765 1080 2807 vos
1094 2749 1296 2809 misericordiae
1312 2769 1385 2825 opus
1396 2752 1536 2826 impendi.
1549 2752 1583 2808 lit
1593 2760 1629 2813 ut
1642 2757 1776 2814 ostende·

60 2848 167 2922 pientis
183 2843 327 2902 voluntati
343 2842 461 2899 resistit.
936 2845 982 2896 ret
1000 2840 1060 2899 ubi
1077 2841 1137 2898 bec
1152 2843 1366 2916 compaginatio
1381 2842 1472 2910 fieret,
1484 2843 1651 2916 subjungit,
1665 2849 1696 2903 tn
1707 2862 1774 2918 per-

92 2934 256 3009 Sequltur:
281 2931 311 2989 St
334 2933 380 2988 cui
402 2930 511 3004 aliquid
536 2929 654 2992 donatis.
670 2933 699 2985 et
723 2932 774 2985 rel.
789 2929 825 2985 dt
839 2935 884 2986 est
937 2945 1010 2986 sorra
1028 2931 1145 2988 Clrrtsti.
1163 2934 1216 2990 Sed
1232 2934 1301 3004 quia
1316 2937 1429 3005 poterat
1443 2931 1549 3003 aliquis
1565 2933 1590 2987 ei
1607 2934 1705 2990 dicere
1722 2953 1729 2991 ε
1751 2936 1774 2991 0

62 3042 166 3082 sensus
178 3041 185 3081 :
196 3022 288 3079 Vobis
299 3020 472 3093 rogantibus
482 3035 535 3091 ego
546 3017 663 3084 donavi,
674 3016 785 3074 debetis
796 3022 824 3073 et
833 3035 884 3076 vos
939 3020 1096 3090 Apostolc‚
1109 3039 1199 3095 quare
1209 3028 1237 3079 te
1252 3023 1292 3077 ita
1301 3020 1451 3089 humilias,
1464 3025 1594 3092 quarata
1605 3024 1646 3078 ita
1659 3024 1774 3092 subdis,

64 3131 108 3172 me
125 3117 248 3186 rogante
263 3111 381 3167 donare.
392 3109 551 3165 Sciendum
567 3123 637 3163 sane
648 3107 718 3178 quia
733 3124 790 3162 non
805 3110 887 3164 tanta
942 3108 1206 3168 utCorinthiorum
1218 3111 1361 3169 bonatuis
1371 3110 1624 3179 assimiles,ettua
1636 3111 1776 3168 iliorum?
1882 3145 1885 3148 ·

64 3203 247 3278 providentia
260 3205 322 3257 erat
337 3200 368 3255 in
383 3198 460 3266 istis,
478 3195 633 3270 quantula
649 3195 797 3266 Apostolo.
814 3195 888 3251 Nam
903 3178 926 3245 C
944 3193 1011 3251 ideo
1029 3198 1204 3270 subjunxit:
1220 3204 1259 3258 Ne
1273 3202 1521 3257 circumveniamur
1534 3218 1551 3255 o
1565 3199 1680 3257 Sotono.
1692 3201 1727 3256 Et
1742 3205 1776 3258 ut

66 3293 134 3365 ipse,
148 3289 295 3364 quidquid
310 3289 425 3362 agebat,
438 3283 608 3359 spiritaliter
618 3283 733 3356 agebat,
745 3285 814 3356 quia
824 3283 890 3356 Spi·
946 3290 1128 3344 monstraret
1143 3307 1232 3361 quarn
1250 3295 1334 3347 acuto
1350 3291 1458 3347 mentis
1473 3305 1563 3346 sensu
1578 3306 1698 3363 sagaces
1714 3290 1776 3346 dia·

67 3382 118 3438 ritu
131 3384 240 3437 sancto
251 3377 352 3451 plenus
362 3380 443 3432 erut:
459 3375 507 3430 isti
522 3388 590 3429 vero
605 3371 809 3446 intelligebant
825 3389 891 3428 mox
945 3371 1006 3428 boli
1021 3373 1146 3432 insidias
1163 3383 1339 3450 penetrarat,
1351 3378 1523 3451 subjunxit:
1540 3380 1599 3435 lton
1609 3380 1685 3436 euim
1699 3381 1777 3452 tono·

69 3468 237 3526 donandum
248 3466 399 3539 essequod
411 3465 567 3537 Apostolus
580 3462 712 3535 petebet;
725 3478 793 3517 nam
805 3461 830 3517 si
844 3460 891 3518 ille
946 3477 1057 3534 ramus,
1069 3469 1125 3519 etc.
1140 3465 1174 3521 Ε)
1188 3474 1233 3523 est
1244 3462 1372 3525 sensus:
1389 3467 1448 3524 Deo
1464 3473 1582 3524 auctore
1592 3467 1671 3524 acuti
1686 3470 1775 3525 eudes

70 3557 237 3633 rogantibus
252 3554 309 3611 illie
325 3552 455 3622 donavit,
468 3551 561 3608 multo
576 3549 681 3623 magis,
694 3549 744 3607 illo
760 3555 889 3624 rogante,
946 3565 1061 3619 eumue,
1080 3552 1149 3622 quia
1174 3560 1259 3613 acuto
1275 3556 1382 3613 mentis
1398 3557 1515 3629 ingenio
1531 3573 1650 3631 sagaces
1666 3556 1775 3614 diaboli

72 3645 116 3719 ipsi
129 3646 297 3704 debuerant
312 3645 431 3700 donare.
448 3642 482 3697 lit
496 3641 550 3696 hoo
567 3639 731 3707 sciendum,
744 3641 813 3712 quia
829 3640 891 3712 ipse
946 3639 1070 3695 insidias
1086 3648 1285 3712 penetramus,
1303 3662 1338 3702 ne
1355 3647 1426 3701 torte
1443 3648 1520 3718 quod
1536 3647 1610 3703 bene
1630 3664 1713 3704 mena
1728 3648 1773 3703 in·

74 3735 236 3793 incitaverat
251 3750 301 3791 eos
317 3738 351 3789 ut
365 3731 504 3803 ejicerent
518 3728 602 3784 illum
618 3729 669 3800 qui
685 3728 795 3785 crimen
811 3745 891 3785 com·
946 3727 1043 3794 chaat,
1060 3726 1125 3799 ipse
1149 3730 1178 3784 in
1203 3732 1321 3788 malitia
1337 3735 1424 3790 finem
1440 3740 1597 3791 convertat.
1614 3740 1679 3792 Huc
1694 3737 1773 3793 enim

77 3824 184 3883 miserat
198 3819 413 3893 fornicationis,
429 3824 458 3877 et
477 3825 509 3875 ut
523 3817 588 3874 duri
604 3818 746 3874 adversus
762 3833 829 3872 eum
845 3834 891 3873 es·
947 3817 976 3871 in
992 3815 1075 3871 libris
1091 3817 1254 3876 moralibus
1270 3822 1341 3877 dicit
1355 3823 1458 3879 beatus
1473 3841 1550 3896 papa
1564 3823 1730 3897 Gregorius,
1741 3824 1772 3881 in

79 3917 139 3982 seut,
155 3917 183 3970 et
198 3911 264 3969 ideo
278 3914 340 3967 tam
357 3909 490 3965 studiose
508 3906 630 3979 rogabat
652 3910 684 3960 ut
709 3907 892 3977 susciperent
946 3904 995 3964 lllo
1011 3903 1146 3960 videlicet
1162 3907 1235 3976 loco,
1254 3910 1304 3964 ubi
1320 3910 1427 3983 legitur
1444 3928 1450 3966 :
1475 3912 1771 3983 recommemorent,

81 4007 192 4058 sumiti
215 3999 287 4074 quia
309 3998 370 4054 illie
394 3996 568 4071 rogantibus
591 3995 721 4061 donavit,
737 3993 801 4049 ideo
821 3994 892 4050 dicit
945 3997 971 4048 et
985 4009 1040 4048 aaa
1056 3993 1206 4049 mirabitur
1221 3998 1294 4064 (tob.
1312 4014 1357 4065 xo,
1375 3999 1438 4070 18);
1462 4004 1492 4054 ct
1514 3999 1601 4072 paulo
1626 4005 1713 4072 post:
1740 3987 1776 4057 (η’

83 4097 172 4162 propter
193 4105 250 4147 vos.
266 4088 302 4145 dr
323 4090 357 4143 ut
378 4090 494 4160 gratum
518 4101 606 4141 suum
625 4101 699 4156 opus
715 4082 891 4149 ostenderet,
946 4082 1032 4137 ocutis
1055 4083 1113 4137 suis
1135 4082 1226 4153 capiet
1246 4100 1320 4156 eum,
1335 4090 1362 4140 et
1376 4086 1407 4141 ia
1421 4088 1533 4142 auditus
1547 4089 1605 4143 sats
1617 4087 1774 4162 perforabit

85 4176 147 4251 licit,
156 4181 186 4235 tn
200 4192 319 4252 persono
329 4175 449 4242 Giristt,·
460 4174 510 4229 ubi
524 4189 611 4229 suum
623 4188 697 4245 opus
709 4169 815 4226 Christi
827 4186 892 4226 esse
946 4186 1027 4226 nores
1050 4172 1108 4238 eires
1118 4170 1277 4244 (rotatur
1290 4173 1340 4228 ubi
1351 4190 1403 4246 per
1413 4176 1703 4233 sudessubtilissima
1712 4175 1775 4234 vult

87 4267 249 4336 monstravit,
266 4265 352 4338 cujus
367 4264 545 4336 fungebatur
561 4261 715 4334 legatione.
733 4259 814 4316 Unde
829 4260 892 4332 ipse
947 4258 1070 4332 intelligi
1086 4263 1257 4316 sanctorum
1273 4262 1407 4330 consilia,
1423 4268 1452 4320 et
1472 4281 1524 4336 per
1544 4282 1629 4323 nares
1644 4265 1774 4324 occultas

89 4352 163 4413 licit:
188 4357 364 4428 omoeoque
387 4352 523 4410 solomitis
548 4366 630 4424 super
657 4355 761 4407 terrum
785 4349 891 4416 (Metti.
947 4348 1055 4404 diaboli
1072 4346 1206 4405 insidiae.
1634 4343 1636 4348 ’

91 4454 149 4510 tvm,
162 4446 216 4519 18),
242 4449 298 4501 eto.
328 4445 422 4509 Quare
449 4457 514 4496 vero
540 4440 690 4496 donaverit
712 4437 891 4504 manifestat,
983 4437 1056 4509 (695)
1073 4436 1235 4509 Sequitur:
1264 4439 1332 4495 Gom
1356 4442 1490 4496 venissem
1514 4449 1609 4499 uatem
1630 4444 1771 4512 Troadem,

93 4525 891 4607 tansuhjunxit:Necircumveniamur,inquitatatem.
908 4547 931 4612 D
948 4528 1002 4581 etc.
1020 4525 1103 4597 (696).
1129 4526 1236 4583 Narrat
1259 4527 1338 4583 enirn
1361 4530 1518 4600 Apostolus
1542 4530 1700 4589 Corinthiis
1718 4533 1773 4589 iter

94 4614 222 4680 blandum
234 4637 301 4679 vero
313 4622 383 4695 qnia
394 4619 623 4676 circumvenitur
638 4635 654 4674 a
668 4619 775 4674 Satana
789 4615 832 4671 vel
848 4615 892 4670 ni·
948 4630 1046 4681 suurn,
1058 4630 1125 4670 cum
1139 4614 1219 4682 dicit,
1234 4632 1296 4672 cum
1306 4619 1440 4672 venissem
1451 4618 1587 4675 Troadem.
1597 4619 1670 4675 Nam
1682 4637 1773 4693 quare

97 4705 164 4768 nium
174 4711 327 4782 remissus,
339 4710 383 4767 vel
400 4709 523 4765 nimium
537 4725 664 4764 severus.
676 4706 763 4762 Verbi
779 4705 890 4776 gratia:
948 4704 1068 4762 venerit.
1086 4703 1264 4758 manifestat.
1282 4703 1344 4758 Non
1360 4704 1495 4763 videlicet
1514 4724 1603 4764 cansa
1623 4709 1771 4777 vanitatis,

98 4795 893 4873 tuutnonnulliquisuisauditoribusvoluntviderilenes,
949 4793 999 4848 sed
1012 4801 1126 4865 propter
1135 4793 1314 4863 Euangelium
1324 4793 1437 4849 Gtrtsti.
1451 4796 1482 4850 ln
1493 4812 1551 4868 quc
1563 4797 1637 4854 lacto
1650 4815 1772 4856 monen-

98 4878 203 4947 blrudiet
211 4888 340 4947 affabiles
348 4887 555 4945 etideoeorum
563 4891 658 4941 erratu
666 4901 725 4941 non
733 4884 893 4956 corrigunt;
948 4886 997 4936 tur
1008 4881 1221 4953 predicatores,
1233 4886 1266 4936 ut
1276 4898 1334 4936 non
1345 4881 1512 4941 discurrant
1522 4902 1611 4942 causa
1623 4888 1771 4955 vanitatis,

98 4963 699 5036 hitalesaSatanaoircumveniuntur.Sunt
711 4973 780 5028 item
792 4972 841 5043 qui
854 4972 895 5028 ni·
950 4972 999 5026 sed
1016 4987 1137 5026 suorum
1153 4969 1319 5025 auditorum
1335 4971 1449 5028 salutis.

99 5058 212 5142 uiolegis
223 5067 285 5124 zelo
295 5065 411 5123 accensi
420 5065 490 5120 adeo
502 5067 808 5135 persequuntnreuoe,
817 5064 849 5116 ut
859 5061 894 5117 ad
985 5058 1121 5131 Sequitur
1135 5076 1140 5112 :
1159 5059 1217 5114 lion
1232 5059 1316 5115 iubat
1329 5063 1453 5131 requiem
1465 5065 1581 5135 spiritui
1593 5080 1661 5120 meo.
1679 5065 1773 5128 Quare

10 5170 21 5201 1
100 5144 302 5226 desperationem
316 5154 547 5228 pertrahant2et
561 5151 762 5207 istiaSatana
773 5149 896 5205 circum·
951 5165 1008 5204 non
1023 5149 1159 5203 babuerit
1170 5149 1301 5220 requiem
1314 5148 1545 5208 manifestares
1556 5152 1774 5224 quodaoctnoe

10 5241 18 5293 ‚⁴
99 5239 237 5313 leniuntur,
249 5245 279 5302 id
293 5249 347 5312 est,
360 5241 557 5315 decipiuntur,
569 5239 611 5295 illi
625 5239 743 5312 quidem
754 5238 828 5295 ialsa
839 5238 897 5312 pie·
950 5239 1040 5293 nerim
1056 5237 1153 5302 Titum,
1164 5241 1219 5292 etc.
1235 5237 1314 5293 Sient
1329 5239 1506 5311 quibusdam
1522 5241 1624 5311 placet,
1640 5239 1773 5310 requiem

20 5329 23 5332 ’
98 5323 146 5399 ille,
157 5333 202 5389 isti
212 5333 306 5390 nimie
315 5324 498 5389 crudelitate.
509 5329 544 5385 Et
557 5328 627 5402 quia
636 5327 666 5383 in
677 5332 801 5401 utraque
813 5330 897 5400 parte
951 5343 1009 5382 non
1025 5323 1140 5394 babuit,
1151 5325 1221 5397 quia
1234 5342 1302 5382 cum
1314 5327 1468 5385 direxisset
1478 5327 1576 5383 Titum
1588 5327 1773 5402 Corinthum,

119 5487 182 5562 (693)
195 5491 312 5548 Scilicet
327 5492 364 5548 ob
386 5489 565 5545 contrarium
582 5487 757 5560 poenitentias
774 5488 895 5544 exitum.
988 5487 1063 5558 (694)
1076 5489 1181 5560 Aulog.
1197 5490 1311 5558 repotia

96 5552 143 5642 Sive
154 5564 242 5619 Actae
256 5564 424 5646 legendum,
442 5561 527 5643 cujus
541 5562 629 5616 etiam
654 5559 830 5642 desperatio,
845 5577 897 5634 po·
986 5558 1052 5704 (695
1076 5558 1128 5616 llic
1143 5559 1174 5614 in
1189 5564 1288 5634 autog.
1306 5575 1399 5632 marg.
1415 5557 1523 5632 legitur
1538 5576 1602 5640 cap.
1616 5559 1666 5641 vl,

92 5628 224 5708 torquem
239 5638 420 5709 punitentia,
436 5632 559 5705 dignum
575 5630 680 5690 habuit
694 5630 794 5690 llnem.
997 5628 1050 5690 696
1076 5632 1190 5709 llutog.
1200 5629 1320 5692 create.

211 5762 344 5830 Parnon
366 5759 521 5830 dxxxiv.
1595 5764 1634 5851 tt
