3908 6096
57 271 117 333 649
171 292 174 297 ·
319 273 528 338 lexeostrto
550 276 587 338 tu
611 276 824 340 aristatas
847 276 975 339 PAULI.
989 311 1028 321 —
1044 279 1082 338 ΙΝ
1105 279 1229 340 aeter.
1252 279 1264 340 l
1288 281 1339 340 AD
1361 280 1499 343 reuss.
1701 283 1763 344 650

56 403 164 460 remini
193 404 224 461 in
249 407 369 463 nomina
382 406 452 463 iesu
467 407 519 463 ulli
535 408 689 465 hominum
705 410 773 478 (Act.
785 426 811 470 v,
822 408 883 477 285?
897 411 924 476 Α
938 410 1017 465 enim
1034 412 1136 466 nuntio
1152 413 1293 479 veniente,
1310 416 1338 468 et
1354 412 1521 469 firmitatem
1540 413 1704 471 devotionis
1726 414 1761 472 il-

56 493 113 548 Sed
136 491 208 564 quie
232 495 310 565 quod
334 512 391 550 non
414 499 457 551 est
482 513 499 551 e
521 495 590 565 Deo,
610 501 688 552 stara
713 514 770 553 non
791 501 885 568 potest
939 498 1032 554 lorum
1048 500 1077 554 in
1094 500 1160 569 fide,
1177 508 1205 556 ct
1219 502 1374 558 dilectione
1389 502 1516 573 Apostoli
1532 503 1762 568 declarantela·

55 582 133 654 (ιι),
149 580 352 638 dissolvantur
364 583 575 654 impedimenta
589 589 711 641 Satanm.
939 590 987 642 tus
1003 588 1095 642 lactus
1111 589 1146 643 de
1160 590 1310 645 communi
1326 589 1481 646 concordia
1496 589 1597 646 scribit
1608 591 1644 646 ad
1656 607 1763 659 easae-

92 671 158 739 Quts
172 674 212 727 est
227 672 304 727 enim
317 680 411 728 nestra
423 688 494 743 spes,
511 677 558 729 aut
571 674 771 745 numanam
785 689 886 730 coreno
939 692 1043 733 curam
1056 675 1168 733 hahens
1184 677 1310 734 lruotum
1327 679 1393 735 lldei
1410 683 1440 734 et
1459 678 1540 735 bonae
1565 680 1761 736 conversatio-

54 759 178 829 parter
204 763 303 816 Nonne
325 776 371 816 vos
397 777 490 818 aarum
513 763 627 819 Domino
649 771 743 819 nostra
764 763 828 819 iesu
856 765 886 818 in
940 764 986 820 nis
1001 781 1114 820 aarum.

54 847 176 905 odvsmu
190 849 272 920 eiust
289 853 340 905 Vos
353 853 430 906 enim
452 851 515 907 estis
536 851 626 922 pierio
648 860 743 909 nostra
766 855 794 906 et
814 867 885 922 pau·
976 857 1067 926 Quam
1081 855 1155 909 enim
1169 854 1325 922 prasiorum
1339 855 1472 911 actionem
1493 871 1636 927 possumus
1660 859 1764 929 referre

54 937 144 994 dium.
161 937 349 994 Manifestum
362 939 494 1011 est,qnia
509 940 646 1012 parientia
661 940 885 1013 discipulorum,
939 943 992 997 Dea
1006 941 1040 997 de
1053 942 1128 998 nom
1142 958 1226 1013 super
1250 944 1328 998 mani
1341 945 1455 1012 pendia,
1471 960 1523 1014 pua
1536 945 1763 1018 pandemuspro·

54 1026 200 1099 gaudium
212 1031 242 1083 et
255 1043 363 1083 acrone
379 1027 511 1100 magistri
528 1034 582 1084 est.
598 1029 634 1084 tii
649 1030 728 1086 enim
751 1035 821 1085 sunt
835 1028 885 1100 qui
938 1032 998 1101 pter
1011 1047 1057 1086 vos
1070 1046 1163 1087 coram
1179 1031 1234 1087 Deo
1247 1036 1351 1099 nostro,
1365 1037 1454 1099 riade,
1468 1034 1566 1104 disque
1580 1033 1763 1090 atursdamis'·

54 1113 173 1172 labores
187 1116 315 1172 trucium
330 1133 454 1173 suorum
469 1116 575 1174 edituri
590 1119 797 1174 suntl'ruotus
806 1118 885 1174 enim
939 1119 1009 1174 sime
1023 1124 1143 1186 ornatas,
1156 1129 1188 1175 ut
1202 1121 1347 1176 rideamus
1356 1124 1457 1192 taciem
1467 1125 1624 1191 nostramet
1637 1125 1765 1196 suppleo·

55 1203 190 1350 megistri
206 1203 431 1277 discipulus-est
446 1206 597 1274 obediens,
613 1206 698 1276 cnjus
716 1206 787 1262 dum
809 1205 886 1262 bona
938 1208 1173 1280 muspuaedesunt
1180 1209 1252 1280 fidei
1262 1214 1378 1267 murm?
1392 1208 1470 1265 Nihil
1480 1210 1763 1285 dicittamdignum,

54 1309 71 1350 e
92 1292 238 1351 aversatio
252 1293 367 1365 prolicit
382 1294 651 1366 magistro,lruotus
666 1293 713 1350 sui
724 1295 792 1351 edat
808 1293 886 1351 labo
939 1298 1017 1369 quod
1033 1297 1271 1370 sulficerspossit
1281 1298 1317 1352 ad
1328 1299 1597 1369 compensationem
1611 1301 1763 1374 acquisita

54 1398 131 1438 rem.
144 1383 240 1439 behor
252 1382 333 1439 enim
348 1382 486 1455 discipuli
511 1383 541 1440 in
556 1399 643 1456 opere
656 1384 732 1440 bono
747 1399 885 1440 coronam
939 1385 1044 1443 salutis
1059 1385 1394 1458 gentiumiitquoniem
1409 1392 1600 1458 provexerant
1614 1404 1646 1444 se
1662 1405 1761 1461 perse-

55 1471 106 1526 dat
118 1471 260 1544 magistro
271 1470 371 1542 judiae
386 1472 512 1528 cbristo.
940 1474 1071 1531 verentia
1086 1474 1195 1538 fldei‚et
1209 1479 1274 1530 actu
1288 1474 1353 1530 vitm
1366 1474 1507 1542 melioris,
1524 1475 1620 1548 magis
1629 1482 1659 1533 et
1668 1478 1764 1549 magis

89 1559 198 1616 Idcirco
207 1561 268 1632 jum
280 1576 336 1616 non
351 1560 506 1629 tolerantes,
524 1563 658 1633 optimum
682 1562 828 1627 duximus,
856 1565 886 1616 ut
940 1564 1022 1635 cupit
1035 1579 1085 1619 eos
1098 1563 1242 1635 uiderent
1251 1580 1362 1636 euque
1374 1564 1409 1620 ad
1426 1564 1635 1636 perfectionem
1646 1563 1764 1621 illorum

54 1648 172 1707 Attene
189 1649 244 1707 soti
261 1649 496 1722 relinqueresne
520 1658 546 1705 et
570 1651 697 1707 misimus
721 1651 886 1707 Timotheum
941 1652 1439 1724 pertinent,ediscant‚sacraments
1448 1653 1767 1726 scilicetrerumepiri·

54 1738 149 1810 (1280)
162 1741 280 1811 [rmum
294 1741 431 1806 murum,
446 1747 472 1796 et
483 1741 647 1811 participem
669 1741 759 1811 operis
783 1741 833 1796 Dei
856 1742 887 1795 tn
902 1773 925 1838 B
941 1738 1123 1811 taliumque
1138 1739 1222 1796 iacile
1238 1739 1379 1813 publicari
1399 1758 1457 1798 noa
1473 1742 1591 1813 debent,
1608 1747 1641 1800 ut
1656 1742 1767 1799 scirent

55 1828 210 1897 usurpetis
233 1827 348 1895 Christe,
362 1828 400 1885 ati
414 1828 475 1895 ior,
489 1832 561 1886 utet
575 1844 621 1886 ros
634 1831 784 1900 cmdrrnet,
801 1838 827 1886 rt
839 1829 886 1886 de·
941 1829 1017 1900 quis,
1034 1833 1064 1886 et
1077 1845 1166 1901 quam
1182 1829 1346 1886 immensus
1362 1834 1507 1902 est,quem
1517 1830 1650 1902 judicem
1665 1847 1766 1903 speru-

52 1925 183 1989 precetur
203 1932 254 1988 pro
280 1917 333 1988 fide
354 1921 453 1984 restra,
477 1934 513 1975 ne
543 1918 603 1990 quis
626 1921 767 1975 momatur
790 1921 820 1974 in
842 1918 887 1974 lits
941 1917 1262 1974 bant.rtliudesteaim
1277 1918 1365 1975 tidem
1379 1918 1767 1991 accipere,etaliudexposi·

54 2006 210 2075 pressim
226 2006 283 2076 ipsi
295 2007 372 2062 enim
385 2007 473 2073 mitis,
489 2006 555 2078 quia
568 2005 604 2063 ad
618 2006 668 2062 boe
679 2007 762 2078 positi
779 2022 886 2062 minus.
941 2006 1050 2062 tionem
1066 2005 1144 2061 ildei.
1161 2005 1259 2061 altera
1273 2007 1350 2062 enim
1369 2006 1531 2080 disputatio
1545 2012 1590 2064 est
1608 2008 1644 2063 de
1660 2011 1767 2063 natura

56 2096 135 2150 Num
148 2097 175 2150 et
187 2109 250 2150 eum
263 2095 339 2166 apud
361 2111 406 2151 ros
430 2110 551 2163 eramus,
573 2094 788 2166 praedicavimus
809 2096 887 2152 uadis
940 2094 1035 2150 Patris
1050 2098 1078 2151 et
1094 2093 1168 2166 Filii,
1180 2100 1209 2151 et
1220 2094 1278 2151 alie
1291 2096 1327 2151 de
1341 2096 1484 2168 personis.
1509 2096 1594 2153 Pater
1617 2095 1766 2169 ingenitus

52 2197 185 2254 passuros
210 2197 260 2239 uos
274 2198 441 2254 pressuram,
455 2190 525 2239 steut
539 2183 685 2254 etfaciam
708 2188 885 2249 estetsestts.
940 2188 995 2250 cst,
1010 2182 1100 2240 Filius
1115 2200 1181 2240 vero
1195 2184 1478 2256 genitus.0uantum
1492 2185 1528 2241 ed
1546 2200 1763 2258 personesper·

55 2269 199 2327 Desiderii
215 2272 473 2345 supramemorati
489 2287 594 2329 causus
608 2271 760 2344 expressit.
776 2271 886 2328 Idcirco
940 2272 1025 2343 tinet,
1040 2272 1189 2328 diversum
1201 2272 1328 2341 videtur,
1343 2289 1411 2329 oum
1436 2273 1476 2330 sit
1498 2272 1651 2330 individua
1665 2273 1764 2329 anites

53 2359 136 2417 enisu
150 2364 307 2431 presentes
320 2376 385 2416 esse
399 2362 477 2432 apud
488 2377 538 2418 eos
551 2362 698 2429 volebant,
714 2364 747 2416 ut
771 2361 886 2418 animos
941 2360 1168 2417 naturae.Unitas
1184 2360 1263 2417 enim
1276 2377 1335 2417 non
1351 2360 1380 2416 in
1396 2378 1520 2434 persone
1535 2362 1645 2429 sst,sed
1655 2361 1686 2417 in
1697 2362 1767 2418 sub·

53 2463 160 2504 eorum
174 2447 384 2519 ermerannus
399 2449 467 2521 quis
482 2465 516 2506 ex
531 2449 578 2507 his
593 2449 764 2507 scandalum
776 2454 886 2522 patere·
941 2449 1058 2507 stantis.
1075 2449 1203 2521 Spiritus
1218 2454 1317 2506 entem
1334 2456 1454 2509 sanetus
1471 2467 1527 2506 non
1543 2450 1669 2523 degener
1685 2453 1766 2522 pute·

54 2540 106 2592 tur
120 2537 319 2610 depresseris
334 2537 546 2610 apostolorum,
572 2542 605 2594 ut
627 2539 677 2610 qui
700 2543 783 2595 tanta
802 2538 887 2610 signe
940 2541 998 2604 tur,
1014 2538 1083 2608 qnia
1097 2537 1202 2592 tertius
1214 2536 1342 2608 ponitur.
1360 2536 1414 2603 Oui
1428 2553 1497 2610 ergo
1512 2538 1547 2593 do
1562 2538 1692 2595 secunde
1702 2554 1765 2610 per·

54 2626 195 2697 lacerent,
211 2624 370 2698 aliquando
385 2626 616 2694 infirmarentur,
631 2627 674 2684 its
686 2626 886 2696 humiliati,ut
939 2643 1012 2682 sona
1027 2641 1085 2681 non
1101 2625 1235 2697 ambigit,
1251 2624 1381 2681 admittit
1395 2629 1425 2682 et
1439 2626 1567 2682 tertium.

54 2714 226 2771 verberibus
239 2720 269 2772 et
282 2714 408 2772 vinculis
423 2717 654 2787 subjacerentor.
671 2717 713 2772 Ad
722 2732 813 2788 quem
822 2731 884 2771 rem
974 2717 1034 2787 lpse
1048 2722 1138 2771 autem
1152 2715 1235 2783 Deus,
1255 2717 1281 2769 et
1295 2715 1381 2770 Pater
1405 2717 1508 2781 noster,
1523 2723 1550 2770 et
1568 2715 1699 2770 Dominus
1713 2729 1762 2769 no·

54 2803 265 2861 mumadam.
291 2804 478 2863 Timotheum
494 2805 587 2877 (1281)
602 2805 728 2863 missum
748 2809 884 2871 testatur,
939 2813 997 2860 ster
1020 2804 1096 2859 lesus
1121 2802 1245 2858 Christus
1267 2802 1376 2873 diripui
1400 2804 1474 2859 uiam
1500 2805 1622 2858 nostram
1649 2802 1684 2858 att
1708 2818 1765 2858 uos.

53 2891 194 2949 idoneum
223 2891 383 2962 doctorem,
412 2893 464 2964 qui
490 2893 656 2950 ostenderet
683 2893 752 2949 hino
781 2892 886 2949 merite
941 2889 1607 2963 Integroordineitsrsuumdisponipostulat;
1633 2890 1764 2963 primum

53 2995 185 3037 creseere
206 2979 392 3048 Christianis,
408 2982 434 3037 si
451 2997 503 3052 pro
523 2981 642 3039 nomine
665 2980 779 3037 Domini
804 2978 885 3051 pessi
940 2985 1027 3036 aDeo
1043 2979 1136 3047 Patre,
1152 2979 1222 3051 quie
1245 2980 1281 3034 ab
1306 2978 1370 3051 ipso
1394 2985 1465 3035 sunt
1488 2978 1597 3049 omnia,
1619 2977 1726 3034 deinde
1749 2994 1766 3033 a

54 3068 469 3142 gratiasegent,equohujos
485 3069 525 3125 rei
542 3068 706 3126 mercedem
717 3072 886 3141 exspectent
941 3067 1065 3125 Domino
1080 3067 1150 3123 iesu
1167 3065 1294 3133 Christo,
1318 3083 1371 3138 per
1394 3082 1483 3137 quem
1509 3070 1580 3123 sunt
1604 3066 1712 3133 omnia,
1734 3070 1767 3121 nt

54 3156 208 3230 simulque
222 3173 322 3230 preses
336 3157 394 3214 Deo
409 3157 575 3225 tunderent,
591 3161 625 3212 ut
639 3156 759 3213 stabiles
775 3160 884 3214 essent.
901 3140 923 3208 C
942 3157 1046 3222 virtus,
1063 3160 1152 3227 etque
1166 3155 1349 3227 providentie
1365 3155 1458 3211 Patris
1472 3158 1502 3210 et
1517 3152 1581 3210 Filii
1607 3155 1764 3211 adventum

53 3249 151 3311 Quem
167 3247 401 3318 persecutionem
417 3245 526 3302 ideirco
543 3261 574 3302 ss
589 3261 728 3317 passuros
747 3245 886 3317 prodice-
941 3246 1006 3317 ejus
1022 3246 1253 3307 commendetut
1268 3249 1297 3300 et
1311 3242 1499 3316 acceptabilis
1511 3243 1563 3298 ssat
1576 3243 1766 3299 audientibus

52 3339 168 3406 vomat,
184 3340 217 3390 ut
231 3334 339 3406 perid,
355 3333 431 3406 quod
447 3334 661 3405 prescientiam
677 3333 767 3404 hujus
777 3334 818 3390 rei
833 3333 885 3390 ha·
941 3351 983 3402 se,
1000 3337 1029 3389 et
1042 3332 1254 3404 impedimenta
1269 3328 1379 3387 diaboli
1393 3329 1575 3386 solverentur
1585 3330 1621 3387 ud
1636 3329 1764 3403 dirigen-

55 3424 127 3480 bere
140 3439 174 3479 ee
188 3427 429 3494 protestarentur,
445 3439 531 3495 posse
544 3438 577 3479 se
595 3423 723 3496 elingere
745 3426 775 3480 et
797 3421 887 3479 deali-
942 3423 1013 3476 dum
1031 3422 1086 3477 iter
1104 3423 1178 3492 ejus.
1208 3424 1262 3476 Vas
1283 3423 1376 3475 autem
1396 3420 1532 3475 Dominus
1553 3419 1718 3490 multiplicet
1742 3427 1770 3474 et

54 3529 128 3570 nare
144 3510 198 3568 hus
210 3511 610 3583 injuriesepproherent.Sed
622 3511 888 3583 quisspesmagne
942 3508 1084 3566 abundare
1104 3511 1191 3581 [aetat
1211 3508 1375 3564 alteritatem
1399 3509 1428 3564 in
1453 3510 1571 3565 invicem
1584 3516 1610 3563 et
1624 3509 1654 3563 ia
1667 3523 1725 3578 uos,
1742 3514 1769 3562 et

52 3601 86 3659 in
102 3601 150 3657 bis
165 3606 220 3670 est,
236 3601 301 3657 ideo
314 3599 412 3656 illatas
427 3600 549 3657 sufferre
574 3600 645 3657 dicit
658 3602 753 3671 (1282)
769 3600 887 3672 quidem
942 3601 973 3652 in
987 3614 1090 3661 omnes,
1104 3599 1175 3653 aaut
1189 3600 1215 3653 et
1228 3613 1278 3653 nes
1293 3598 1323 3652 in
1338 3613 1395 3668 vos,
1417 3597 1453 3651 ad
1476 3596 1668 3666 urrinnando
1685 3595 1768 3651 eorda

53 3690 192 3746 libenter.
208 3689 271 3747 latro
285 3693 311 3746 et
325 3705 376 3759 epo
388 3705 445 3746 non
464 3688 590 3746 tolerans
611 3691 741 3762 empturas,
766 3691 832 3745 misi
853 3688 889 3744 ad
941 3690 1032 3743 nestra
1047 3686 1239 3757 irreprehensa
1250 3687 1469 3742 insanotimania
1482 3701 1577 3742 coram
1587 3686 1768 3741 DeaetPctre

53 3780 115 3845 ιιι,
130 3781 160 3835 ut
174 3793 359 3850 cognoscerem
373 3779 455 3847 tidem
470 3782 600 3843 vestram,
624 3795 659 3834 ne
680 3794 732 3852 pue
756 3777 889 3834 madeat·
942 3783 1044 3843 nostra,
1060 3777 1089 3829 in
1112 3775 1230 3829 aduentu
1254 3775 1364 3829 Domini
1386 3775 1474 3829 nostri
1493 3775 1556 3830 lesit
1580 3774 1684 3829 Christi
1706 3789 1766 3827 mm

54 3869 206 3926 emanent
218 3869 266 3924 itte
276 3871 434 3936 materiensi
445 3869 538 3924 inanis
551 3869 600 3937 piat
612 3867 692 3923 lator
702 3867 888 3924 noster.lstnd
943 3865 1070 3921 omnibus
1085 3865 1188 3919 sanctis
1202 3864 1268 3917 suis.
1285 3861 1322 3917 Ut
1336 3863 1477 3934 gaudium
1494 3877 1592 3927 sunm,
1604 3876 1662 3932 quo
1678 3861 1714 3917 de
1725 3859 1767 3915 eis

56 3962 179 4033 propter
194 3958 338 4030 quosdam
354 3957 435 4024 dicit,
453 3957 503 4029 qui
520 3957 634 4030 possint
654 3956 754 4012 sedunt
781 3954 891 4011 astutia
944 3950 1237 4026 gaudet,cumulst,in
1248 3950 1388 4005 omnibns
1402 3949 1487 4005 bonis
1503 3946 1691 4019 multiplicari
1700 3945 1767 4003 illas

53 4051 183 4104 satane.
198 4046 272 4113 Quia
287 4046 316 4101 in
332 4047 412 4103 omni
428 4045 512 4118 plebe
533 4051 578 4102 est
599 4060 667 4117 pere
692 4045 787 4109 firma.
803 4049 832 4122 et
845 4043 890 4098 in·
944 4044 1106 4111 exoptabat
1120 4038 1239 4094 veniens
1249 4038 1285 4094 sd
1296 4053 1346 4093 eos
1362 4035 1430 4109 plus
1444 4035 1573 4091 inveniat
1587 4035 1617 4090 in
1632 4034 1766 4104 eis,quod

56 4137 157 4202 firme,
171 4151 297 4206 quorum
311 4151 402 4191 causa
422 4133 566 4191 sollicitus
588 4139 661 4203 erat,
684 4149 720 4189 ns
744 4132 891 4188 amitteret
946 4128 1033 4185 laude
1050 4127 1173 4200 dignum
1197 4128 1245 4194 sit,
1270 4141 1359 4197 quem
1375 4141 1392 4180 a
1408 4122 1561 4180 Timotheo
1576 4121 1718 4193 audierat,
1734 4124 1769 4176 ut

56 4224 189 4281 fructum
204 4223 389 4279 credulitatis
403 4239 514 4279 eorum.
528 4222 561 4279 tet
575 4222 645 4293 quie
658 4221 771 4279 diutius
785 4237 892 4293 passus
946 4215 1215 4290 irreprehensibiles
1231 4213 1416 4269 inveniantur
1426 4229 1494 4268 cunr
1510 4211 1621 4267 sanetis
1630 4211 1660 4265 in
1673 4209 1768 4266 cheri·

56 4329 120 4370 noa
134 4311 559 4384 estnesoiresequidcertius
575 4309 891 4381 agereturcircaillos‚
946 4310 1004 4362 tate
1036 4305 1082 4362 Dei
1105 4304 1209 4372 Patris,
1234 4308 1263 4357 et
1290 4302 1417 4358 adventu
1443 4299 1556 4356 Domini
1580 4299 1673 4355 nostri
1697 4298 1768 4354 iesu

57 4402 144 4458 misit
156 4401 250 4472 (1283)
267 4400 456 4457 'timotheum
480 4400 652 4473 episcopum
667 4417 684 4456 a
698 4416 730 4456 se
749 4404 891 4458 creatum.
947 4394 1066 4458 Christi,
1076 4410 1144 4449 curn
1158 4391 1278 4464 eoeperit
1290 4393 1357 4446 ente
1370 4387 1499 4445 tribunal
1514 4388 1579 4459 ejus
1593 4386 1771 4443 examinatio

59 4507 152 4562 sque
168 4495 267 4562 posset
281 4494 393 4545 eertum
409 4490 494 4546 scire.
909 4481 1080 4569 Deingulos
1096 4481 1268 4553 approbare.
1285 4485 1374 4535 Deum
1389 4482 1474 4533 vocat
1497 4481 1616 4548 propter
1630 4481 1770 4532 terrorem

96 4578 175 4635 uodo
188 4582 281 4635 amem
295 4594 359 4633 aum
371 4579 488 4634 venuset
504 4578 656 4634 Timetlteus
671 4576 707 4633 ud
722 4575 894 4637 asseratis,
950 4569 1113 4643 mejestatis
1125 4570 1203 4639 ejus;
1220 4571 1334 4623 Patrem
1346 4582 1412 4621 vero
1423 4568 1541 4636 propter
1549 4563 1771 4636 benignitatem,

57 4674 88 4726 et
104 4669 299 4724 annuntiasset
312 4666 389 4722 noas
403 4665 494 4737 fidem,
510 4671 537 4721 et
550 4667 711 4723 etantatem
726 4669 854 4730 uestram,
869 4655 896 4719 el
949 4675 1008 4731 qua
1019 4658 1159 4729 dignatur
1173 4656 1323 4711 eradentes
1339 4651 1395 4707 sibi
1411 4652 1548 4722 adoptare
1562 4649 1592 4704 in
1603 4649 1772 4720 filios,quod

59 4758 198 4830 purnium
218 4756 382 4812 memoriam
404 4755 493 4811 vnostri
520 4754 627 4811 bebetis
651 4756 760 4819 bonam,
788 4767 896 4823 semper
949 4747 979 4803 in
995 4748 1118 4803 adventu
1135 4742 1247 4799 Domini
1264 4739 1510 4797 manifestabitur.

60 4845 253 4903 mameranus
267 4860 317 4900 nos
330 4843 433 4911 videre,
446 4844 518 4898 sicut
542 4846 569 4897 et
593 4858 641 4898 nos
655 4858 718 4909 ros;
730 4843 790 4898 ideo
803 4856 896 4897 consa·
986 4836 1061 4906 (Cin.
1077 4833 1135 4903 tv).
1152 4830 1227 4900 Quod
1240 4837 1363 4902 superest
1386 4829 1489 4900 itaque,
1511 4828 1623 4897 (ratres.
1643 4840 1773 4895 totamm

63 4935 205 4992 tationem
218 4948 314 4990 sumus
326 4931 431 5004 adepti,
442 4931 678 5000 fratresp'anebis
692 4946 776 4998 super
788 4945 898 4986 ornnem
950 4938 1007 4989 vos,
1022 4928 1048 4978 et
1063 4923 1233 4978 obsecramus
1252 4921 1283 4973 in
1306 4919 1422 4974 Domino
1444 4917 1519 4983 iesu,
1545 4924 1575 4970 ut
1599 4913 1772 4986 ammadmo·

63 5023 270 5092 necessitatem,
300 5030 325 5077 et
350 5035 510 5092 pressuram
545 5027 669 5074 normam
700 5033 748 5084 per
778 5026 899 5073 nestram
952 5011 1017 5066 dum
1031 5010 1172 5081 accepistis
1187 5007 1295 5062 anatis
1309 5006 1427 5078 pualier
1440 5000 1774 5074 oporteatnosamtutare

64 5112 161 5184 fidem,
176 5112 241 5183 quia
265 5126 339 5165 nunc
356 5110 485 5175 uiuimus,
500 5109 525 5164 si
538 5123 584 5163 vos
598 5106 729 5164 steteritis
741 5105 897 5169 incanam,
953 5111 979 5158 et
993 5101 1104 5172 placere
1118 5099 1181 5167 Dea,
1200 5097 1269 5152 sicut
1286 5101 1311 5153 et
1335 5095 1482 5152 ambulatis
1505 5090 1607 5165 (1281),
1632 5087 1775 5147 attendetis

64 5199 231 5259 Declaravit
244 5214 297 5256 cur
311 5197 399 5253 alacri
415 5212 549 5253 sermone
575 5195 685 5251 scribat
699 5194 735 5250 ad
748 5209 807 5250 eos.
832 5193 899 5250 ldeo

104 5341 199 5417 (1280)
215 5341 247 5398 ln
262 5340 328 5398 eod.
340 5338 537 5410 Titumrquod
548 5337 748 5408 juxtaomnes
760 5334 900 5393 lectiones
956 5348 1032 5387 mus.
1343 5397 1348 5408 ·

70 5413 292 5475 emendandum
309 5411 373 5469 fuit.
1004 5401 1084 5468 1283)
1101 5400 1210 5456 lterum
1226 5397 1304 5455 alere
1319 5393 1497 5454 amotarum.

119 5487 186 5542 1281
216 5483 267 5540 Hie
284 5482 361 5538 clare
377 5480 483 5553 legitur
499 5478 679 5537 Timotheum.
1005 5474 1084 5545 teet)
1098 5472 1182 5547 Vulg.
1200 5469 1243 5528 sio
1256 5479 1281 5528 et
1298 5466 1456 5526 ambuletis.

117 5487 201 5631 lDDDl
222 5555 350 5614 Verbum
383 5552 450 5610 dicat
481 5568 516 5608 ex
545 5551 758 5610 ambrosiastra
786 5549 902 5609 eddidi-

232 5685 362 5749 rernm
390 5677 549 5743 cxxxiv.
