3908 6096
116 268 176 336 288
418 290 422 295 ·
621 276 791 343 erratus
812 278 1106 344 runauuuuusts
1128 274 1306 344 uelscorl
1755 272 1817 340 sta

117 412 172 480 est,
187 407 264 464 utin
292 407 447 483 editaquio,
478 409 655 481 affabilitate,
685 417 714 470 et
739 416 937 480 cousensu,et
951 414 977 480 Α
1027 411 1231 485 Sequiturzsi
1245 412 1308 482 fieri
1327 415 1424 483 potest,
1450 409 1521 482 quod
1545 407 1820 483 excutientem

116 496 147 553 iu
160 498 306 571 omuibus,
322 500 432 571 quibus
447 501 588 575 indigent,
600 501 798 559 subveniendo
813 519 934 560 consen·
989 503 1117 560 crinitas
1132 502 1288 558 bominibus
1301 516 1399 572 pacem
1421 500 1558 555 trabentes.
1583 498 1643 555 Pax
1662 499 1738 556 duos
1750 515 1820 557 aon·

116 585 236 642 tiamus.
986 592 1096 665 Juugit‚
1113 592 1238 663 Ideoque
1252 607 1317 663 pax,
1341 589 1489 645 nisiinter
1510 589 1595 656 duos,
1612 605 1749 645 essenon
1767 605 1820 663 po-

152 674 254 746 Igitur,
271 681 305 732 ut
327 678 492 734 ostenderet
513 678 583 749 quid
598 685 675 736 esset
698 680 756 736 alta
780 697 891 753 sapere,
908 684 937 738 st
988 684 1056 737 test.
1070 680 1151 736 Unde
1166 680 1243 735 idem
1253 678 1425 751 Apostolus:
1443 678 1566 734 Christus
1587 684 1626 734 est
1638 695 1697 750 pax
1710 687 1818 748 nostra,

116 767 263 835 quomodo
278 766 440 822 humilibus
451 768 615 824 consentire
629 770 798 838 debeamus,
813 771 935 841 subjun-
990 770 1117 840 quiscat
1130 774 1249 840 utraque
1278 784 1365 823 unam
1387 767 1494 840 (Eptes.
1519 784 1550 835 u,
1575 767 1630 841 14).
1655 767 1819 824 Praevideus

116 853 936 931 xit:Notiteesseprudenlesapudnosmetipsas:quodicto
990 873 1068 929 ergo,
1086 857 1154 928 quia
1175 873 1230 928 pas
1253 855 1425 912 inconvulsa
1453 857 1562 912 servari
1592 871 1650 912 uon
1672 859 1821 928 potestas

117 945 245 1000 ostendit
258 959 322 998 esse
336 944 495 1014 prudentes
511 947 587 1018 apud
612 948 795 1018 semetipsos,
812 948 863 1020 qui
879 948 938 1004 alta
990 951 1072 1018 parte
1083 945 1280 1014 inimicorum,
1297 962 1398 1002 eorum
1415 943 1559 1014 videlicet,
1575 944 1625 1017 qui
1642 962 1658 1000 a
1673 945 1761 1001 bouis
1778 960 1819 1001 re·

118 1031 246 1102 sapiunt.
262 1034 296 1087 Et
310 1038 389 1096 nota,
405 1033 474 1105 quia
493 1051 551 1091 uon
575 1037 617 1092 ait
631 1041 762 1093 tautum:
780 1039 868 1094 Nolite
881 1052 938 1092 esse
991 1033 1397 1106 prehenduntur,temperavit
1408 1050 1492 1090 suum
1502 1033 1819 1100 locutionemdiaeus:

117 1119 273 1190 prudentes,
289 1137 325 1175 ne
339 1123 519 1178 contrarium
534 1125 681 1181 videretur
695 1127 809 1182 Domini
824 1131 938 1182 seuten-
991 1124 1021 1179 Si
1034 1122 1101 1195 fieri
1113 1131 1210 1196 potest,
1227 1123 1405 1179 Pravidebat
1415 1122 1494 1177 euim
1511 1123 1589 1194 quod
1602 1121 1665 1178 heri
1681 1138 1740 1179 uon
1757 1139 1822 1197 pos-

116 1208 173 1275 tia,
190 1209 241 1279 qui
263 1209 323 1266 ait:
348 1214 438 1268 Estote
459 1214 627 1284 pnrdentes:
651 1216 701 1271 sed
721 1216 845 1287 abJ‘ecit:
862 1215 938 1287 Apud
991 1216 1045 1280 set,
1062 1213 1187 1284 ideoque
1210 1212 1381 1283 subjunxit;
1413 1212 1488 1279 Quod
1511 1227 1545 1267 er
1573 1212 1648 1267 uobis
1668 1216 1730 1280 est;
1745 1228 1780 1268 ac
1794 1211 1820 1269 si

116 1300 290 1370 nosmetipsos
302 1301 404 1372 (umen.
417 1319 446 1368 x,
464 1304 517 1375 16).
543 1305 627 1375 Apud
647 1305 758 1375 seipsos
780 1306 938 1377 prudentes
990 1300 1205 1373 apertediceret
1216 1318 1223 1357 :
1236 1300 1351 1365 Quiaex
1362 1300 1548 1356 inimicorum
1559 1304 1640 1373 parte
1648 1299 1820 1358 inconvulsa

117 1392 196 1460 sunt,
211 1389 262 1460 qui
277 1407 308 1445 se
320 1407 372 1461 pro
397 1407 452 1447 sua
466 1393 620 1464 prudentis
636 1394 760 1466 J'actaut,
778 1394 828 1466 qui
851 1409 937 1450 suam
991 1389 1101 1446 servari
1116 1406 1174 1444 non
1188 1393 1293 1462 potest,
1302 1391 1380 1462 quod
1395 1404 1430 1445 ex
1442 1389 1525 1445 vobis
1536 1393 1591 1459 est,
1609 1387 1639 1445 id
1654 1393 1710 1458 est,
1725 1405 1820 1462 quau·

116 1477 356 1551 imprudentiam,
373 1472 457 1552 quasi
482 1497 628 1537 summam
645 1483 829 1554 prudentiam
845 1483 937 1554 depa·
990 1483 1054 1534 tum
1070 1478 1106 1534 ad
1120 1495 1172 1534 vos
1186 1482 1240 1545 est,
1257 1494 1292 1535 ex
1305 1482 1401 1535 vestra
1422 1477 1532 1535 scilicet
1546 1481 1629 1551 parte
1647 1477 1822 1535 inconvulsa

115 1568 938 1644 taut3quidemeritispraesumuntaliorumqueabjectio·
990 1572 1131 1637 servetur,
1153 1571 1185 1623 ut
1206 1583 1323 1640 semper
1344 1566 1461 1624 illorum
1485 1566 1657 1624 desideretis
1681 1566 1819 1625 salutem.

116 1656 939 1733 negloriautur:illividelicet,quicaruisseqauuturpru·
992 1657 1105 1721 Quibus
1119 1657 1216 1713 verbis
1238 1672 1427 1730 nequaquam
1443 1655 1672 1712 ecclesiasticum
1689 1656 1820 1730 discipli·

117 1746 257 1826 dentiam,
274 1747 309 1802 de
325 1764 384 1819 qua
394 1748 530 1820 superius
541 1749 581 1804 ait
594 1749 769 1821 Apostolus:
784 1749 938 1806 Prudentia
990 1761 1059 1802 uam
1072 1744 1219 1801 interdicit
1232 1763 1238 1813 ;
1251 1746 1346 1813 idest,
1358 1750 1468 1802 utcum
1481 1745 1616 1802 videmus
1627 1744 1754 1817 aliquem
1765 1745 1820 1801 ira-

116 1837 210 1891 curm's
223 1851 298 1891 mors
312 1840 352 1892 est
376 1836 464 1894 (Rom.
485 1854 546 1908 vsu,
569 1839 609 1911 6),
634 1838 662 1894 id
683 1843 736 1908 est,
753 1838 803 1911 qui
819 1837 938 1895 inimico
992 1833 1820 1907 tremlapsum,uoneumcorrigamus20portsteuimhoc

116 1924 208 1980 vicem
222 1925 359 1995 reddunt,
371 1925 555 1982 maledicenti
567 1943 598 1983 se
609 1926 804 1994 maledicunt;
816 1926 939 1999 ideoque
992 1935 1087 1995 agere,
1105 1922 1130 1978 si
1155 1922 1276 1978 forsitan
1301 1922 1386 1978 illum
1410 1923 1566 1978 emendare
1586 1921 1746 1996 possimus.
1763 1920 1819 1979 Sed

117 2013 288 2084 subjunxit:
312 2015 404 2071 Nutti’
430 2016 537 2071 matum
562 2031 613 2087 pra
639 2017 714 2072 mato
737 2014 884 2072 reddentes.
909 2014 939 2070 si
993 2008 1820 2083 quemadmodumcumomuibushomiuibuspacemba·

116 2101 195 2158 enim
210 2101 938 2174 melumestmalumalicuiinierre,incompara·
992 2100 1235 2172 berepossimus,
1264 2100 1327 2171 ipss
1350 2100 1530 2165 manifestat,
1555 2115 1622 2155 cum
1644 2096 1818 2171 subjungit:

117 2189 215 2244 biliter
229 2191 326 2259 majus
341 2194 386 2245 est
401 2189 513 2247 malum
533 2208 585 2262 pro
611 2191 688 2247 malo
711 2192 850 2248 reddere:
866 2190 938 2247 illud
992 2190 1049 2246 Non
1060 2191 1237 2261 nosmetipsos
1244 2188 1427 2261 defendentes,
1437 2187 1651 2255 charississimi
1660 2186 1723 2244 date
1732 2188 1821 2245 locans

117 2276 197 2333 enim
210 2278 376 2348 frequenter
399 2278 565 2350 ignorantia
588 2280 630 2343 fit,
656 2280 712 2335 hoc
736 2296 803 2335 vero
825 2295 941 2352 semper
993 2281 1052 2334 ire.
1067 2278 1113 2334 Ira
1125 2278 1155 2334 iu
1171 2278 1225 2334 hoc
1241 2277 1315 2344 loco,
1333 2277 1467 2351 quumvis
1481 2274 1611 2333 bominis
1624 2276 1720 2349 possit
1734 2275 1821 2332 intel·

118 2364 225 2420 studio.
242 2364 293 2420 His
308 2381 376 2438 ergo
387 2367 482 2422 verbis
503 2367 558 2422 hoc
583 2368 666 2424 docet
680 2367 845 2439 Apostolus,
863 2368 940 2440 quod
993 2366 1054 2440 ligi,
1067 2367 1278 2440 congruentius
1290 2373 1389 2422 tamen
1401 2364 1647 2439 accipimusiram
1658 2364 1755 2436 Dei,id
1768 2366 1821 2439 est,

117 2453 260 2510 Dominus
274 2455 304 2509 in
319 2454 469 2526 Evangelio
482 2473 488 2513 :
503 2458 537 2513 Si
550 2459 612 2530 quis
626 2461 652 2513 te
662 2459 826 2528 percusserit
839 2459 870 2513 in
883 2474 941 2513 ana
993 2456 1161 2512 vindictam.
1179 2456 1251 2511 Cum
1263 2472 1331 2528 ergo
1343 2456 1540 2528 nosmetipsos
1556 2472 1611 2511 uon
1622 2453 1821 2527 defendimus,

117 2543 246 2610 maxilla,
259 2543 353 2616 praete
367 2547 394 2601 ei
407 2549 433 2601 et
447 2545 566 2603 atteram
587 2546 693 2611 (narrt.
708 2562 736 2616 v,
751 2546 786 2602 39
799 2564 805 2614 ;
819 2550 884 2601 Lac.
901 2562 939 2614 vs,
994 2545 1109 2602 duobus
1124 2544 1219 2601 modis
1234 2543 1331 2602 locum
1354 2543 1403 2600 ira
1416 2545 1540 2615 damus;
1561 2543 1606 2600 vel
1623 2543 1694 2617 quia
1707 2543 1754 2599 ira
1767 2542 1822 2599 ini·

117 2632 175 2700 29),
191 2632 253 2696 Quo
267 2632 425 2706 ingruere,
442 2639 475 2690 ut
486 2635 589 2691 beatus
599 2635 778 2708 Augustinus
793 2634 874 2704 dicit,
892 2649 941 2690 sax
994 2634 1062 2691 mici
1079 2635 1210 2701 sedatur,
1226 2634 1296 2690 dum
1319 2633 1374 2691 sibi
1402 2632 1543 2690 ultionem
1562 2633 1644 2689 reddi
1661 2648 1720 2689 non
1732 2630 1821 2703 videt,

119 2723 188 2776 sunt
203 2719 371 2776 differentia
385 2739 392 2781 :
404 2722 481 2778 bons
492 2740 544 2796 pro
558 2723 644 2780 malis
658 2724 777 2780 reddere
789 2741 796 2792 ς
810 2741 867 2780 nou
878 2724 942 2779 red·
993 2723 1037 2780 vel
1053 2722 1123 2795 quia
1137 2739 1188 2796 pro
1202 2738 1300 2779 amore
1314 2722 1365 2779 Dei
1378 2722 1523 2794 pretiantur
1539 2722 1660 2778 adversa
1673 2720 1821 2778 sustineu-

119 2808 188 2865 dere
215 2809 294 2865 mala
318 2827 371 2882 pro
396 2810 499 2880 malis;
523 2813 600 2870 hona
615 2829 675 2886 ¹pro
699 2813 784 2870 uobis
798 2813 939 2882 reddere,
994 2817 1049 2880 tes,
1066 2811 1162 2868 locum
1178 2816 1236 2868 Deo
1250 2810 1458 2884 relinquimus,
1482 2814 1515 2867 ut
1529 2810 1592 2882 ipse
1608 2826 1660 2883 pro
1677 2810 1764 2866 uobis
1777 2807 1821 2865 ul·

120 2896 198 2954 mala
213 2914 265 2970 pro
279 2898 386 2968 malis3
404 2916 462 2956 nou
476 2901 596 2958 reddere
611 2903 687 2959 bona
702 2918 754 2977 pro
769 2902 872 2972 bonis;
889 2901 940 2957 sed
995 2901 1130 2958 niscatur.
1145 2904 1281 2957 Attamen
1306 2916 1364 2956 non
1389 2916 1424 2956 ea
1451 2898 1612 2956 intentione
1636 2897 1750 2955 malum
1765 2914 1822 2955 uon

120 2985 198 3042 mala
213 2987 371 3059 probonis.
383 2988 580 3052 Quorumduo
597 2990 939 3063 primajustorumsunt,
995 2989 1088 3047 iacere
1103 2990 1177 3062 (422)
1201 2990 1351 3062 debemus,
1374 2993 1408 3045 ut
1431 2989 1508 3046 Deus
1537 2988 1639 3062 puniet
1653 2986 1822 3060 inimicum,

120 3079 150 3132 at
163 3074 245 3147 prius
259 3074 384 3134 melius:
399 3078 456 3133 duo
469 3094 537 3134 vero
551 3078 866 3152 ultimareproborum,
889 3079 940 3135 scd
995 3079 1046 3136 sed
1059 3079 1181 3146 instare,
1197 3081 1229 3134 ut
1252 3078 1288 3133 ad
1304 3094 1404 3151 pacem
1420 3080 1614 3146 convertatur,
1642 3079 1671 3133 et
1684 3074 1821 3133 salvetur.

121 3163 266 3236 posterius
281 3168 327 3220 est
341 3165 489 3223 deterius:
510 3166 560 3223 illa
582 3184 649 3225 vero
674 3169 771 3224 media
785 3151 979 3225 mediocrine
1031 3168 1089 3224 Sed
1105 3167 1198 3224 oritur
1209 3167 1342 3241 questio,
1354 3183 1421 3223 cum
1432 3166 1575 3223 Dominus
1589 3166 1684 3222 dicat:
1711 3166 1824 3238 uitiata

120 3258 201 3320 sunt,
218 3256 246 3309 et
260 3253 342 3326 prius
359 3253 443 3311 bouis
458 3257 667 3330 propinquum,
683 3258 829 3330 posterius
845 3256 941 3314 malis.
996 3256 1125 3314 inimicos
1138 3263 1250 3323 vestros,
1277 3260 1305 3312 et
1319 3254 1486 3329 Apostolus.
1507 3257 1565 3313 Nan
1580 3271 1626 3312 uos
1639 3254 1823 3329 defendentes,

120 3340 304 3398 Mediocriter
319 3343 397 3399 enim
416 3344 495 3411 boui,
509 3346 584 3402 bona
597 3362 649 3418 pro
663 3347 749 3403 bonis
763 3347 899 3415 reddunt,
915 3349 945 3402 et
996 3346 1166 3413 charissimi,
1183 3344 1233 3401 sed
1244 3344 1306 3401 date
1317 3345 1407 3401 torum
1421 3345 1471 3400 irae
1482 3362 1491 3400 ;
1503 3361 1565 3410 cur,
1578 3344 1655 3400 sicut
1667 3343 1698 3400 iu
1713 3344 1824 3417 Apoca-

122 3430 307 3486 mediocriter
321 3432 402 3500 muli,
417 3433 496 3488 mata
510 3449 561 3505 pro
582 3433 680 3490 malis.
702 3435 775 3490 Nam
791 3440 821 3491 et
831 3434 876 3491 lex
889 3435 944 3491 hoa
997 3434 1072 3508 lypsi
1087 3433 1211 3506 legitur:
1230 3433 1324 3490 Sancti
1334 3434 1382 3488 sut
1393 3449 1443 3490 ara
1455 3436 1509 3490 Dei
1517 3434 1658 3489 clamant:
1676 3433 1824 3506 Usquequo.

122 3517 164 3573 eis
179 3518 320 3590 precipit,
336 3520 452 3576 diceus:
473 3522 574 3594 Dittpes
597 3524 717 3579 ameum
737 3529 828 3594 taum,
845 3523 945 3580 dodra
997 3523 1237 3593 Dominesssanetua
1262 3525 1289 3577 et
1314 3537 1410 3590 verae,
1430 3538 1486 3578 nan
1505 3522 1616 3595 judicus
1642 3525 1669 3578 et
1696 3521 1826 3578 vindicas

123 3607 235 3663 tratetis
251 3609 397 3664 inimicum
408 3613 485 3665 tunm
496 3611 572 3666 teuit
584 3627 590 3666 :
602 3628 659 3682 xrs,
674 3612 723 3680 18;
737 3611 829 3668 latet.
846 3630 871 3667 v.
889 3612 944 3683 43).
997 3613 1162 3683 sanquinem
1175 3614 1299 3667 nosram
1313 3610 1404 3683 (dpcc.
1430 3628 1469 3683 v1,
1487 3611 1555 3684 lot?
1568 3611 1609 3667 Ne
1623 3626 1692 3684 ergo
1707 3614 1826 3667 coutra-

122 3695 209 3751 tubet
219 3695 327 3770 quippe
338 3696 477 3754 talionem
489 3716 540 3771 pro
551 3698 658 3756 talione
666 3699 795 3770 reddere,
807 3704 835 3757 et
843 3706 947 3757 cetera
985 3702 1078 3757 ⁴rium
1087 3699 1231 3768 videatur,
1243 3698 1396 3756 sciendum
1408 3709 1463 3766 est,
1476 3700 1545 3772 quia
1555 3700 1648 3756 sancti
1660 3716 1719 3756 nou
1730 3696 1826 3755 vindi·

124 3784 294 3853 hujusmodi
309 3785 393 3857 (420).
410 3787 553 3844 Dominus
567 3788 657 3861 igitur
667 3788 770 3846 uolens
786 3789 947 3862 discipulos
999 3794 1076 3847 ctam
1093 3805 1213 3845 suorum
1229 3789 1416 3846 inimicorum
1428 3789 1596 3847 desiderant
1607 3789 1642 3845 ad
1658 3786 1826 3846 damuatio·

125 3889 194 3929 suos
210 3873 239 3930 iu
255 3872 302 3931 his
325 3891 454 3942 manere,
479 3881 574 3934 utens
598 3879 633 3933 ad
650 3876 754 3935 altiora
768 3883 945 3951 provocaret,
999 3895 1077 3947 uem,
1094 3879 1145 3933 sed
1161 3879 1197 3933 ad
1213 3878 1452 3948 couversionem,
1468 3878 1528 3934 hac
1544 3882 1589 3934 est
1602 3877 1681 3935 anim
1696 3876 1828 3934 vindicta

124 3963 281 4035 pracepit:
297 3965 414 4036 Ditipite
424 3967 550 4022 inimicos
561 3970 673 4035 vestros,
686 3967 832 4039 benefacite
847 3967 890 4023 dis
901 3968 949 4040 qui
1000 3966 1154 4039 sanguinis
1164 3965 1294 4034 illorum,
1303 3965 1349 4023 vel
1359 3973 1435 4025 certe
1449 3970 1551 4040 optant
1561 3966 1638 4022 diem
1646 3964 1827 4039 judiciium

123 4068 170 4109 aas
185 4051 300 4109 oderunt
315 4054 419 4125 (natet.
443 4072 470 4123 v,
497 4055 549 4124 ld;
575 4059 640 4112 Luc.
662 4073 702 4124 vr,
726 4058 782 4126 26).
798 4057 835 4114 Ut
849 4061 948 4113 autem
1001 4054 1830 4128 sorumuumerusimpleatur,etmalipuuisutur‚utnoa

125 4142 948 4217 ostenderetquisuntquimalumpromalononrcddunt,
1001 4144 1044 4202 eis
1056 4143 1142 4200 liceat
1157 4141 1284 4215 amplius
1300 4160 1429 4216 peccare.

127 4229 280 4300 subjunxit
292 4246 299 4287 :
310 4231 486 4288 Providentes
495 4235 628 4289 tonanon
638 4234 727 4289 satam
734 4251 826 4290 coram
833 4235 950 4300 Dea,sed
1039 4232 1130 4306 Igitur
1138 4232 1239 4289 volens
1250 4248 1334 4288 suam
1346 4231 1542 4289 narrationem
1549 4230 1681 4305 exemplo
1692 4230 1828 4305 probare,

127 4317 307 4374 etiamcorum
316 4319 390 4391 (421)
403 4321 570 4378 dominibus.
580 4321 752 4394 Quicunque
762 4338 858 4380 mores
868 4341 948 4392 suos,
1002 4323 1145 4389 subjecit:
1158 4321 1540 4394 Sicutscriptumest,inlibro
1550 4321 1660 4378 scilicet
1670 4320 1828 4399 cujusdam

127 4411 156 4463 et
170 4408 298 4463 actiones
313 4407 355 4464 ita
376 4415 565 4481 componunt,
591 4411 739 4478 ordinant,
755 4416 787 4467 ut
801 4429 818 4468 a
832 4412 950 4469 nemina
1003 4411 1164 4485 sapientis;
1180 4411 1246 4466 ltili
1260 4412 1427 4482 cinptctcrn;
1443 4428 1490 4484 epo
1512 4412 1675 4480 retribuam,
1691 4409 1760 4466 dicit
1772 4408 1829 4466 Dc·

128 4496 300 4569 reprehendi
316 4497 440 4570 possint,
457 4499 488 4554 bi
502 4515 601 4556 coram
617 4500 674 4557 Deo
688 4501 764 4556 bona
779 4501 948 4574 provideut;
964 4519 989 4586 D
1003 4504 1096 4558 ruinas
1110 4502 1198 4573 (Dent.
1228 4517 1316 4564 xxxu,
1332 4501 1388 4571 35).
1419 4501 1483 4556 Hac
1504 4502 1592 4556 verba
1617 4498 1731 4555 Domini
1747 4500 1828 4568 suut,

127 4583 178 4657 qui
192 4601 260 4642 vero
272 4585 324 4654 ita,
336 4591 369 4641 ut
379 4586 467 4644 etism
478 4588 637 4647 imitabiles
651 4590 816 4662 ostendant,
827 4589 858 4645 hi
872 4592 950 4647 bona
1004 4591 1128 4662 ideoque
1139 4589 1376 4645 subaudiendum
1392 4593 1454 4645 cst:
1480 4589 1551 4645 Mihi
1567 4589 1724 4645 vindictam
1741 4584 1829 4644 relin-

128 4674 281 4746 provideut
295 4674 382 4731 etiam
398 4692 496 4732 coram
507 4675 694 4734 bominibus:
713 4677 815 4750 quales
830 4680 950 4735 suerunt
1004 4679 1101 4752 quite3
1121 4694 1171 4748 ego
1188 4676 1359 4745 retribuam,
1385 4678 1412 4732 id
1430 4682 1484 4745 est,
1513 4683 1641 4733 vestram
1656 4676 1829 4750 patientiam

127 4764 467 4835 parentospraecursoris
491 4767 604 4821 Domini
629 4766 721 4822 nostri
741 4766 950 4836 accurrisset
1004 4767 1208 4832 remunerabo,
1237 4763 1282 4820 vel
1312 4783 1363 4838 pro
1400 4766 1484 4822 vobis
1514 4766 1655 4823 ultionem
1685 4764 1828 4822 reddam:

127 4850 286 4920 Elisabeth,
304 4853 339 4909 de
355 4853 463 4924 quibus
473 4854 597 4927 legitur:
614 4856 683 4925 Quia
698 4861 776 4913 erant
784 4857 855 4930 justi
868 4858 949 4912 ambo
1004 4860 1128 4928 utroque
1143 4855 1222 4911 enim
1238 4855 1325 4911 modo
1340 4854 1463 4929 intelligi
1478 4860 1583 4929 potest.

126 4942 290 5009 anteDeum,
303 4941 460 4998 incedentes
473 4944 503 4998 in
526 4945 653 5001 omnibus
665 4946 813 5013 mundatis,
829 4950 854 5003 et
870 4947 949 5017 iusti·
1040 4945 1106 5012 Sed,
1123 4945 1193 5017 quia
1207 4943 1338 5001 dixerat:
1354 4945 1423 5000 triti
1432 4945 1592 5016 uindictam,
1605 4946 1673 5015 etc,
1684 4946 1718 4999 at
1732 4943 1833 4999 osteu-

126 5031 299 5102 ficaticnitus
311 5031 423 5087 Domini
436 5034 499 5087 sine
514 5035 626 5105 querela
642 5034 716 5106 (tac.
733 5053 751 5107 r,
767 5034 806 5106 6).
1004 5035 1086 5092 deret
1100 5034 1171 5108 quid
1187 5048 1272 5107 agere
1297 5033 1481 5103 deberemus,
1509 5033 1635 5106 adjecit:
1656 5032 1688 5090 Si
1700 5029 1833 5090 mummii

162 5210 236 5281 (420)
251 5210 340 5265 ond,
356 5227 414 5277 xxi,
443 5210 488 5264 23.
505 5211 540 5265 24
570 5215 598 5267 ε1
626 5227 727 5282 seqq.·
757 5211 847 5268 Levit.
873 5227 949 5283 axrv,
1004 5215 1113 5279 torum,
1130 5209 1385 5283 quasscontrario
1398 5210 1518 5280 diligere
1529 5207 1725 5281 precipiebat.
1738 5206 1831 5267 berit.

126 5279 171 5334 20.
185 5299 192 5346 ;
207 5282 292 5336 Dent.
308 5300 366 5349 xm,
383 5282 415 5336 21
430 5299 436 5349 ;
453 5283 553 5337 Matth.
569 5301 596 5347 v,
612 5284 655 5337 38.
675 5287 706 5336 V.
721 5254 949 5357 inunguatur.
1004 5301 1064 5349 xrx,
1083 5284 1189 5353 17,18·.
1207 5281 1294 5337 Diod.
1310 5298 1390 5348 usur,
1406 5282 1431 5347 4,
1447 5282 1483 5358 {33
1500 5279 1585 5336 Dent.
1602 5296 1672 5352 xxu,
1689 5280 1750 5337 1-4.

128 5357 205 5406 cont.
224 5353 321 5408 Faust.
339 5370 363 5408 c.
385 5354 429 5408 25.
447 5353 564 5409 Poeuam
593 5353 713 5409 talionis
737 5370 795 5409 non
820 5355 951 5426 privatus
1053 5354 1103 5409 421
1129 5352 1228 5427 vulg,
1243 5370 1336 5410 caram
1349 5353 1476 5410 omnibus
1491 5352 1668 5410 dominibus.

129 5422 307 5548 ffifflque'
323 5425 373 5481 sed
385 5425 477 5496 judex
495 5425 654 5496 indigebat.
671 5425 736 5481 Hec
759 5424 805 5480 lex
820 5425 895 5483 odiis
909 5424 951 5481 vi·
1054 5427 1106 5482 422
1133 5427 1165 5481 lu
1181 5430 1278 5501 autog.
1293 5425 1517 5508 [aenaabsque
1528 5424 1762 5501 particulares:
1776 5422 1835 5481 ior·

232 5495 336 5620 jastius
346 5511 435 5578 quem
445 5497 579 5582 vindicta
593 5497 758 5554 exercenda
769 5498 951 5583 consulebat.
1005 5501 1086 5556 tasse
1099 5498 1235 5556 sustinere
1245 5500 1317 5573 pati,
1333 5502 1362 5557 et
1375 5496 1494 5556 similia.

128 5562 230 5623 Nemo
253 5580 313 5623 rum
325 5583 513 5627 mimicorum
526 5568 577 5629 Der
590 5568 777 5642 lstubebat,
786 5586 845 5629 uon
855 5585 951 5644 pura-
