3908 6096
133 255 193 317 tta
418 338 424 348 Ι
538 294 541 299 -
646 252 816 317 turonis
837 249 1130 314 vescanensem
1151 248 1329 314 ustscosl
1484 292 1487 296 -
1764 250 1839 314 -tto

133 388 223 447 etiam
237 389 264 446 te
280 385 358 462 loqui
375 385 473 452 dieis?
487 385 552 460 Ipse
576 402 643 443 vero
667 386 752 459 quasi
776 385 957 458 respondens
970 386 999 452 Α
1015 386 1179 451 montaneo,
1195 400 1228 440 ae
1242 382 1309 456 lert,
1326 379 1423 456 glorie
1438 383 1555 456 pondus
1570 385 1734 456 comparet.
1745 381 1840 454 liuius

134 476 287 550 subjunxit
301 493 307 534 :
323 475 446 533 Scisntcs
457 477 587 549 quonium
600 476 742 532 suscitavit
758 476 858 531 testim.
871 473 958 529 lirant
1013 471 1067 527 loei
1083 489 1189 528 sensns
1204 476 1233 527 et
1248 473 1277 527 in
1293 471 1423 544 Epistola
1438 473 1474 527 ad
1491 472 1639 529 Romanos
1661 471 1837 542 continetur,

133 572 231 623 autem
247 565 381 622 nonnulli
398 566 474 622 inter
489 564 666 636 Corinthios,
692 564 743 636 qui
769 565 804 619 de
828 578 956 619 resurre·
1013 560 1064 616 ubi
1079 562 1136 616 alt:
1153 563 1289 617 Existimo
1304 563 1389 627 euim,
1406 561 1477 632 quod
1487 577 1542 618 uon
1551 564 1616 616 sunt
1625 559 1840 633 coudiqnaepus-

133 654 411 712 ctioneduhitabent
422 671 429 708 ε
441 657 469 708 et
480 654 542 709 ideo
553 654 751 709 adversuseos
762 651 956 707 deeodemlo·
1011 650 1101 705 aiones
1115 650 1197 721 hujus
1213 651 1346 720 temporis
1361 649 1450 720 (Rom.
1466 666 1528 718 vsu,
1546 648 1601 719 18),
1618 653 1673 703 etc.
1690 649 1756 720 lpse
1766 665 1838 721 quo·

133 743 243 816 quitur.
257 745 289 799 In
302 743 532 817 quaintentIone
545 741 956 808 diutiusversatur,adversus
1012 754 1079 809 que,
1093 737 1299 794 tribulationes
1315 737 1344 792 in
1370 738 1478 811 quibus
1505 736 1605 811 gloriae
1630 736 1747 809 pondus
1771 754 1837 811 ope·

133 848 208 906 qnos
223 834 253 889 in
271 833 366 906 prime
380 831 510 904 Epistola
521 833 615 887 iuerat
626 831 777 904 loquutus.
791 831 822 885 In
833 847 867 885 eo
878 846 954 885 varo.
1012 831 1122 894 rentur,
1140 828 1278 889 ostendIt,
1295 844 1363 882 cum
1379 827 1532 898 subjunxit
1545 843 1552 882 :
1564 827 1838 898 Noucoutcmpluuti·

134 921 212 994 quod
228 921 278 991 ait,
296 922 344 992 qui
357 921 509 991 suscitavit,
527 937 584 976 non
610 921 718 987 obstat,
743 918 804 975 siVo
829 923 954 982 Patrem,
1012 916 1062 971 bus
1074 916 1154 972 uotis
1168 931 1232 988 quse
1246 915 1384 983 videntur,
1400 919 1455 971 etc.
1472 915 1505 970 st
1515 920 1560 972 est
1570 931 1693 972 sensns:
1705 915 1768 971 Non
1780 916 1838 973 sol·

134 1009 193 1066 sive
208 1014 299 1065 totam
314 1007 463 1082 intelligas
477 1008 660 1065 trinitatem.
1011 1002 1083 1059 liciti
1098 1005 1248 1060 sumnsde
1260 1004 1556 1077 temporalibusque
1567 1005 1794 1072 transeunt,sed
1805 1006 1839 1062 de

172 1096 207 1153 Ut
222 1098 386 1153 ostenderet
400 1096 490 1169 Igitur
503 1096 669 1169 Apostolus,
685 1096 755 1169 quia
772 1094 957 1162 resurreetio,
1011 1094 1138 1163 sternte,
1154 1111 1219 1166 quas
1235 1097 1365 1150 manent.
1383 1094 1417 1148 ut
1432 1093 1487 1149 hoe
1501 1092 1629 1166 exponit,
1641 1109 1710 1149 cum
1721 1093 1837 1150 subdit:

136 1202 198 1257 qua
209 1184 354 1241 celebrata
363 1190 407 1242 est
417 1185 447 1240 iu
458 1185 568 1258 Cupite,
580 1184 775 1241 celebrabitur
785 1189 814 1240 et
823 1184 852 1239 in
864 1200 956 1240 mem·
1012 1184 1080 1252 Quae
1090 1185 1165 1238 euim
1175 1183 1311 1248 tristentur,
1328 1182 1493 1252 temporalia
1504 1186 1580 1252 suut,
1596 1187 1650 1238 ete.
1665 1182 1700 1238 llt
1714 1186 1760 1238 est
1772 1199 1838 1239 sen·

134 1274 496 1347 hrisetqueprecessitin
508 1274 620 1346 Capite,
637 1274 956 1349 sequeturetinmem-
1011 1288 1080 1328 sus:
1097 1271 1155 1328 Nos
1170 1271 1356 1328 solummodo
1378 1270 1551 1328 necessariis
1578 1271 1720 1336 contenti,
1745 1272 1837 1328 eciem

134 1363 206 1434 bris,
222 1365 389 1437 subjunxit:
408 1369 442 1421 Et
470 1381 519 1420 nos
544 1381 608 1420 cum
631 1366 696 1421 iesu
721 1364 874 1422 suscitabat.
902 1363 955 1428 Qui
1012 1362 1118 1417 mentis
1131 1360 1161 1415 in
1178 1376 1293 1431 semper
1308 1375 1450 1416 mansura
1473 1359 1639 1432 dirigimus.

135 1451 234 1522 etiam,
250 1455 283 1509 ut
298 1457 483 1519 monstraret,
500 1452 569 1525 quia
584 1469 708 1525 quorum
724 1470 784 1508 una
806 1456 850 1508 est
873 1451 955 1522 fides,
1046 1449 1103 1521 (71)
1119 1451 1198 1520 (Cas.
1215 1449 1261 1521 V.)
1272 1449 1435 1522 Sequitur:
1453 1448 1483 1504 Si
1498 1449 1637 1504 terrestris
1659 1449 1761 1506 domus
1788 1465 1837 1506 uc·

135 1539 190 1596 erit
204 1545 232 1597 st
246 1557 306 1596 uua
321 1541 453 1597 omnium
469 1542 497 1596 ln
513 1542 599 1598 domo
615 1541 694 1613 pacis
709 1539 861 1606 hahitatio,
877 1539 957 1594 addi·
1010 1539 1168 1610 stratejus
1188 1538 1367 1594 habitationis
1382 1537 1561 1609 dissolvatur,
1577 1541 1633 1594 etc.
1655 1537 1835 1596 Terrestrem

135 1629 196 1686 dit:
212 1631 562 1687 Etcoustituctuoliscum.
579 1630 734 1701 Sequitur:
756 1628 858 1685 Omnia
881 1629 956 1683 enim
1010 1625 1130 1682 domurn
1147 1625 1281 1682 mortalia
1296 1632 1523 1698 corporevocat.
1553 1627 1615 1683 Nou
1636 1629 1834 1700 munufactum,

133 1725 304 1792 proptereat
317 1719 515 1791 (subauditur,
531 1719 682 1786 sustineo).
696 1719 789 1782 Quare
798 1717 956 1774 sustineret
1010 1714 1111 1770 eadem
1128 1730 1259 1786 corpora,
1275 1715 1325 1770 sed
1336 1716 1399 1785 jam
1414 1713 1596 1772 immortalia
1611 1714 1737 1771 reddita.
1750 1716 1835 1773 liteet

133 1823 185 1880 pro
195 1807 279 1879 ipsis,
296 1809 432 1875 ostendit,
448 1816 479 1864 ut
492 1809 599 1877 qratia,
623 1806 729 1880 inquit,
746 1807 889 1862 abundans
903 1823 957 1878 per
1010 1819 1115 1861 seusus
1133 1822 1139 1860 :
1157 1805 1223 1860 Ideo
1256 1803 1286 1858 iu
1311 1804 1566 1875 persecutionibus
1594 1807 1624 1860 et
1647 1805 1834 1877 passionibus

132 1895 242 1960 multos,
256 1898 326 1962 etc.;
343 1895 428 1968 quasi
443 1895 584 1952 dixisset:
603 1896 678 1951 Deus
689 1895 796 1968 quippe
808 1893 955 1950 neminem
1010 1898 1228 1966 perseverantes
1242 1910 1357 1961 sumus,
1374 1897 1402 1949 et
1416 1910 1465 1949 eas
1481 1892 1612 1949 hilariter
1640 1893 1831 1961 sustinemus,

131 1982 195 2038 vult
209 1983 271 2039 suis
286 1982 371 2039 donis
387 1983 501 2054 privari,
524 1983 670 2039 neminem
696 1999 812 2055 qnoque
837 1983 931 2055 perire
946 1998 953 2037 :
1010 1982 1078 2054 quia
1093 1983 1164 2038 certi
1179 1983 1214 2038 de
1229 1983 1440 2038 resurrectione
1455 1998 1559 2039 sumus
1571 2000 1578 2051 ;
1591 1982 1745 2055 quoniam,
1761 1983 1786 2038 si
1799 1985 1831 2040 ab

131 2072 201 2145 quia
216 2089 274 2129 non
289 2070 404 2128 laetatur
418 2073 448 2128 in
459 2073 620 2146 perditione
632 2072 831 2140 morientium,
845 2072 895 2128 sed
907 2087 954 2143 po·
1008 2070 1063 2127 hae
1079 2071 1377 2146 ritemigraverimus,
1386 2073 1421 2127 ad
1433 2071 1687 2128 immortalitatem
1699 2072 1831 2129 transibi-

130 2162 191 2218 tius
202 2178 303 2217 omnes
314 2161 376 2217 vult
388 2162 592 2217 salvosfaeere.
604 2162 796 2233 Quapropter,
808 2165 841 2215 ut
854 2159 952 2216 multa
1009 2177 1085 2216 mus.
1105 2161 1137 2215 Iu
1152 2177 1185 2216 eo
1200 2177 1278 2226 vero,
1294 2162 1372 2233 quod
1387 2159 1476 2216 dicit:
1493 2162 1609 2216 Domum
1620 2163 1759 2219 aetemsum
1777 2178 1829 2218 uos

129 2249 185 2306 sibi
202 2249 362 2321 gratiaram
391 2250 554 2305 referantur
581 2249 719 2321 actiones,
745 2251 808 2322 lpse
832 2250 950 2321 quidem
1006 2252 1203 2320 munufactum,
1219 2248 1282 2305 vult
1296 2248 1419 2322 inteIIIgi
1432 2254 1598 2305 terrestrem
1611 2251 1827 2306 manuleetam:

129 2336 225 2393 multa
239 2337 268 2393 in
285 2355 315 2394 se
330 2339 517 2394 credentibus
534 2337 634 2393 intubi
648 2339 734 2405 dona,
751 2342 779 2393 et
798 2337 952 2393 credituris
1007 2354 1070 2410 quse
1086 2338 1206 2411 pulchre
1219 2339 1387 2394 manulecta
1399 2339 1517 2407 dicItur,
1534 2338 1675 2411 quoniam
1695 2340 1828 2395 mortalia

129 2427 275 2500 promisit.
293 2429 483 2499 Quapropter,
500 2427 576 2483 sicut
590 2427 673 2482 valde
700 2427 901 2493 inhonestum,
918 2444 952 2482 ao
1006 2442 1126 2499 corpora
1135 2426 1300 2482 visibilibus
1311 2426 1498 2483 incrementis
1509 2426 1766 2484 administrentur.
1780 2426 1828 2483 Illa

127 2520 214 2587 turpe
228 2519 283 2583 est,
299 2516 447 2571 hominem
458 2532 569 2571 emnam
582 2532 730 2586 magnam,
743 2515 950 2587 etopulentam
1005 2532 1071 2571 sero
1083 2514 1208 2572 caelestis
1225 2532 1282 2572 non
1304 2516 1472 2572 manufacta
1496 2516 1614 2589 dicitnr,
1639 2516 1709 2589 quia
1729 2517 1827 2574 eedem

129 2605 234 2674 iacere,
250 2608 279 2659 et
293 2603 403 2660 multos
419 2605 551 2669 invitare,
568 2610 597 2660 et
612 2605 647 2660 ad
664 2607 827 2660 extremum
843 2619 951 2675 paucos
1004 2620 1128 2676 corpora
1142 2604 1253 2676 SpIritu
1268 2604 1319 2660 Dei
1335 2604 1519 2661 invisibiliter
1534 2603 1681 2678 spiritalia
1702 2603 1828 2660 cilicien-

128 2691 237 2748 habere
249 2708 255 2747 :
267 2691 309 2748 sle
321 2707 437 2764 quoque
446 2691 531 2748 valde
542 2696 587 2748 est
597 2690 796 2763 inhonestum,
808 2692 951 2764 atquein-
1008 2697 1066 2749 tur.

129 2779 602 2854 dignum.Deamscilicetpaucos
613 2780 952 2837 haberelaudatorss.Ad
1043 2781 1201 2853 Sequitur:
1217 2782 1287 2838 Ilum
1301 2790 1327 2838 ct
1342 2783 1391 2838 hoc
1414 2783 1507 2856 (715(;
1524 2782 1553 2838 id
1569 2786 1624 2849 est,
1640 2784 1677 2839 ad
1694 2783 1760 2849 hoo,
1789 2782 1828 2841 vel

116 2867 306 2942 hoeIgitur3
322 2868 352 2924 id
368 2873 423 2937 est,
440 2873 472 2925 ut
489 2869 598 2925 multos
623 2869 797 2942 acquireret,
823 2870 954 2942 quotidie
1008 2870 1195 2943 propterhoe
1222 2873 1439 2942 iupemiscimus,
1469 2872 1668 2929 habitationem
1699 2875 1827 2943 unarum,

128 2957 285 3029 Apostolus
300 2955 422 3015 laborat.
439 2957 634 3022 Quamobrem
662 2959 952 3015 animadvertendum
1008 2976 1068 3030 quae
1082 2960 1111 3014 in
1126 2961 1194 3015 coelo
1208 2964 1258 3027 cst,
1275 2960 1303 3014 id
1321 2964 1374 3025 est,
1391 2958 1654 3032 immortafitatem,
1669 2961 1828 3033 superindui

128 3051 175 3102 est
189 3046 293 3119 quenti
307 3046 403 3102 meriti
418 3046 491 3119 ipse,
508 3053 682 3120 quanteque
697 3048 953 3121 Iueritdignitatis,
1008 3051 1155 3120 cupientes.
1172 3048 1302 3112 Qualiter
1314 3065 1382 3104 vero
1397 3049 1581 3123 superindui,
1598 3050 1789 3106 mauiIestet:
1805 3052 1828 3106 si

128 3134 179 3207 qui
195 3135 282 3191 etiam
293 3134 384 3191 vitam
396 3136 624 3208 parvipendebat
632 3136 822 3207 temporalem
834 3154 840 3203 ;
851 3141 951 3209 quate·
967 3125 989 3193 C
1007 3141 1099 3193 tumen
1113 3140 1208 3194 vestiti
1220 3138 1330 3195 Christo
1344 3139 1428 3210 (716).
1448 3139 1529 3195 Unde
1543 3138 1625 3210 ipse:
1642 3139 1781 3212 Quotquot
1801 3142 1828 3196 ia

129 3240 186 3280 nus
201 3223 311 3280 multos
325 3224 498 3296 acquireret,
510 3225 560 3296 qui
576 3225 634 3281 Deo
647 3225 807 3298 granorum
822 3225 952 3281 actiones
1006 3224 1110 3281 Christo
1125 3225 1258 3296 baptizati
1271 3227 1337 3282 estis
1352 3226 1438 3297 (717),
1454 3229 1509 3281 ete.
1525 3225 1629 3282 Vestiti
1644 3227 1736 3283 etlam
1765 3227 1826 3295 ilde,

128 3314 277 3370 referrent.
1006 3330 1040 3369 ac
1055 3313 1111 3386 piis
1125 3313 1273 3387 operibus,
1290 3318 1317 3370 et
1330 3330 1387 3370 uon
1402 3315 1438 3370 ab
1455 3315 1501 3370 his
1516 3316 1590 3370 audi
1607 3317 1795 3373 inveniamur.

164 3401 317 3473 Sequitur:
334 3402 448 3473 Propter
460 3403 541 3473 quod,
558 3402 613 3457 hoc
628 3407 673 3458 est
689 3403 746 3458 fide
770 3404 953 3459 resurrecti0·
1041 3403 1195 3473 Sequitur:
1212 3407 1286 3459 Num
1299 3411 1325 3459 et
1339 3405 1388 3475 qui
1402 3420 1497 3459 sumtu
1512 3404 1543 3459 in
1558 3405 1608 3460 hoc
1634 3405 1826 3472 tabernaculo:

129 3489 187 3559 nis,
203 3487 247 3544 vel
262 3493 350 3556 certe,
367 3493 399 3544 ut
414 3490 523 3546 multos
539 3492 737 3562 acquIramus,
752 3491 780 3546 iu
793 3492 950 3562 pressuris,
1006 3490 1059 3547 hoc
1075 3497 1131 3558 est,
1148 3491 1262 3548 mortali
1278 3509 1408 3564 corpore,
1425 3494 1826 3565 tmamsctmuaraaaussei-

129 3579 159 3631 et
173 3576 361 3647 passionibus
375 3594 431 3633 nou
444 3577 602 3649 defecimus.
618 3582 726 3635 Verum
743 3578 813 3651 qnia
839 3585 952 3653 poterat
1005 3579 1083 3651 lieet,
1101 3580 1366 3653 persecutionibus,
1375 3585 1405 3638 et
1417 3582 1540 3638 diversis
1549 3581 1786 3641 calamitatibus:
1798 3597 1826 3640 eo

130 3663 239 3736 aliquis
254 3664 349 3721 dicere
365 3682 372 3720 ε
390 3668 536 3737 quomodo
552 3684 609 3723 non
630 3669 848 3739 deicidarum
864 3668 952 3725 multi
1005 3669 1217 3740 quodnolumus
1232 3671 1408 3742 exspolium
1425 3669 1523 3738 idest,
1542 3671 1628 3727 tidem
1654 3687 1774 3745 negare,
1796 3674 1827 3727 ut

129 3752 355 3825 exstinguantur
367 3766 402 3811 'ex
414 3755 495 3812 robis
505 3757 520 3811 ‘l
530 3757 771 3829 ldeosuhjnnxit:
783 3758 833 3814 sed
844 3759 905 3814 ticet
918 3760 949 3826 is,
1004 3757 1119 3814 Christo
1133 3759 1295 3814 nudemur:
1312 3759 1359 3814 sed
1366 3760 1545 3831 supervestiri
1551 3776 1562 3822 ,·
1577 3759 1607 3815 id
1622 3764 1677 3828 est,
1694 3777 1755 3818 non
1781 3776 1826 3819 so·

130 3844 179 3914 qui
192 3844 262 3914 soris
276 3846 417 3910 astacum·
429 3846 508 3902 lemno
521 3851 724 3918 comumputur,
741 3852 769 3902 et
781 3847 848 3903 rel.:
866 3864 899 3904 ac
914 3847 952 3904 si·
1005 3846 1067 3902 lum
1083 3846 1314 3919 immortalitate,
1331 3849 1381 3905 sed
1397 3848 1484 3907 etiam
1501 3848 1706 3906 immutatione
1716 3850 1827 3908 donari

128 3931 271 3988 dixisset:
288 3948 346 4004 quo
362 3934 456 4008 magis
471 3933 521 4007 qui
537 3934 608 3992 soris
623 3940 669 3992 eat
683 3936 827 4007 atteritur,
839 3951 872 3992 eo
889 3954 950 3993 ma·
1005 3934 1086 3991 Unde
1096 3935 1174 3993 idem
1190 3936 1277 3993 alibI:
1293 3954 1398 4003 omues,
1412 3936 1518 4009 inquit,
1534 3953 1716 4008 reseruemus
1731 3942 1756 4009 (1
1768 3941 1826 3997 dor.

128 4019 173 4093 gis
187 4019 309 4077 interior
323 4021 411 4078 homo
425 4022 569 4080 relevatur
584 4025 675 4096 (713);
694 4028 732 4091 et,
750 4042 806 4095 quo
827 4027 951 4082 exterIor
1003 4041 1049 4092 xv,
1065 4025 1122 4097 5t),
1138 4031 1193 4081 etc.
1208 4025 1360 4098 Sequitur:
1380 4027 1412 4083 Ili
1426 4026 1606 4083 absorbeatur
1620 4027 1692 4099 qued
1715 4029 1828 4087 curtat

128 4108 240 4180 majora
254 4109 364 4182 patitur
378 4110 517 4182 pericula,
530 4112 695 4168 salutarior
709 4114 821 4184 majora
839 4113 887 4170 his
901 4131 949 4170 ac·
1004 4122 1056 4185 est,
1071 4116 1173 4183 sattim
1190 4114 1245 4174 hoc
1260 4119 1315 4179 est.
1343 4114 1403 4170 viia
1431 4116 1587 4178 absorbeat
1610 4120 1748 4173 mortem.
1775 4116 1828 4174 sed

127 4195 220 4268 quirit
233 4194 324 4261 lucra,
342 4202 429 4268 etque
441 4198 609 4256 accumulat
635 4200 763 4272 praemIa.
791 4201 948 4272 Sequitur:
1005 4203 1122 4275 quando
1135 4204 1197 4259 haec
1207 4203 1409 4275 Implehuutur
1419 4202 1433 4257 ‘l
1444 4203 1512 4260 Cum
1522 4204 1638 4261 naortale
1645 4204 1700 4263 leuc
1709 4205 1829 4263 isdercii

127 4284 258 4350 Idenim,
282 4287 354 4357 quod
368 4287 398 4341 iu
425 4289 559 4358 praescuti
585 4293 626 4344 est
653 4299 885 4361 mmueutuacum,
915 4308 950 4347 uc
1004 4291 1240 4348 immortalitatem
1255 4291 1328 4365 (Ilici
1341 4291 1399 4365 53),
1414 4296 1469 4349 cte.
1486 4291 1712 4365 lpseetiem,ut
1730 4297 1829 4353 ostem

128 4372 196 4440 leva
211 4376 265 4429 ete.
277 4373 351 4439 Quid
366 4378 410 4430 eat
424 4375 503 4431 enIm
518 4375 548 4431 in
564 4377 698 4447 presenti
709 4377 723 4433 i
733 4378 949 4438 Tribulatiouee
1004 4381 1084 4437 deret
1098 4397 1178 4450 eum,
1190 4381 1241 4454 qui
1257 4385 1371 4437 tantum
1393 4379 1451 4438 illis
1472 4381 1693 4453 perseverantia
1718 4383 1827 4441 donum

128 4461 236 4535 quippe
251 4461 426 4535 corporales,
443 4465 670 4536 persecutiones,
686 4470 714 4522 et
728 4467 847 4525 similia.
874 4474 949 4525 Beue
964 4493 988 4559 D
1003 4469 1160 4533 tribuebat,
1179 4470 1354 4541 subjunxit:
1371 4470 1425 4538 Qui
1439 4478 1531 4526 cutem
1544 4470 1628 4542 efficit
1646 4486 1698 4529 aas
1726 4473 1758 4528 iu
1780 4473 1829 4529 tac

128 4564 196 4621 ergo
219 4554 431 4608 momentaneae
459 4569 493 4608 ae
521 4551 598 4608 leves
622 4553 771 4626 dIeuntur,
796 4559 867 4628 qula
892 4548 952 4615 eito'
1006 4560 1106 4629 ipsum,
1123 4559 1193 4614 Deus
1208 4557 1405 4629 (subaudiiur,
1422 4559 1487 4630 est).
1502 4558 1660 4632 Sequitur:
1679 4560 1736 4630 Qui
1756 4559 1829 4619 eset

129 4640 419 4712 transeunt‚etquasi
431 4642 467 4697 ad
476 4647 657 4699 momentum
669 4649 863 4716 praetereunt:
877 4651 950 4705 atta·
1005 4647 1083 4704 uotis
1091 4649 1192 4719 pipinus
1206 4647 1320 4719 spiritus
1329 4649 1392 4714 sui:
1406 4647 1551 4713 videlicet,
1568 4651 1601 4704 ut
1615 4648 1757 4708 cardos-es
1776 4666 1828 4708 not

129 4741 196 4781 men
210 4731 421 4799 supramodum
434 4738 571 4788 aternum
585 4733 685 4803 clerice
692 4735 799 4805 paudus
810 4742 949 4808 operatur.
1006 4736 1042 4793 de
1057 4735 1211 4808 promissIs
1225 4736 1368 4791 redderet.

127 4816 345 4888 Supremodum
373 4818 453 4887 dicit,
483 4820 553 4892 quia
580 4821 660 4878 nulla
688 4827 732 4879 est
760 4827 949 4898 comparatio.
1042 4824 1116 4895 (718)
1145 4822 1298 4896 Sequitur:
1327 4825 1475 4881 iudicatas
1502 4826 1575 4897 (719)
1605 4827 1703 4898 quur.
1730 4827 1766 4885 Et
1786 4831 1828 4886 est

128 4902 225 4972 Nullo,
241 4905 374 4978 inquam,
392 4911 475 4980 pacto
492 4910 791 4983 terrenecmlestibus,
807 4918 952 4989 tempora·
1005 4929 1129 4969 seusus:
1147 4915 1225 4969 Inter
1239 4912 1319 4969 varie
1332 4911 1471 4984 pericula,
1488 4917 1517 4970 et
1544 4912 1674 4986 plurime
1696 4915 1826 4985 adseret,

128 4992 168 5049 lie
192 4994 320 5061 eternis,
334 4996 444 5053 caduca
465 5004 577 5069 queunt
600 5001 762 5072 comparari
790 5007 949 5062 mensuris.
1006 5002 1828 5075 sempereumussumentes,quiescentesouoseiumdesa

128 5083 286 5143 Sciendum
301 5101 383 5154 seue,
395 5085 465 5157 quia
475 5087 679 5159 metaphoram
689 5094 796 5162 servat,
807 5094 878 5150 dum
888 5111 950 5151 mo·
1005 5107 1099 5147 sumus
1113 5094 1143 5147 in
1158 5107 1280 5164 corpore.
1293 5096 1348 5148 etc.
1363 5091 1422 5149 Sed
1432 5092 1525 5149 orItur
1535 5093 1669 5166 quaestio,
1681 5094 1827 5168 quomoda

163 5279 236 5359 (713)
246 5282 280 5360 ΙΙιι
295 5285 394 5363 antog.
406 5280 556 5365 revelatur,
571 5287 600 5338 et
615 5284 738 5342 Iortame
759 5286 843 5357 bene,
868 5290 948 5363 quia,
1039 5289 1113 5359 (716)
1130 5286 1216 5360 vulg.
1232 5288 1354 5344 verbum
1369 5275 1480 5344 Christo
1494 5303 1551 5343 non
1566 5287 1664 5346 hahet.

129 5353 159 5403 ut
170 5357 210 5403 ita
223 5353 466 5418 dixerim,cortsce
477 5357 673 5427 attrito,quod
684 5357 829 5429 iutuseet,
841 5360 949 5420 clarius
1038 5358 1113 5430 (717)
1130 5357 1186 5414 Gal.
1204 5375 1245 5413 111.
1261 5358 1307 5414 27.
1325 5359 1826 5442 Vulg.quicunqtueaiqudh1-isto

127 5420 280 5474 revelatur.
1002 5430 1139 5574 baptizati
1154 5429 1236 5500 astla,
1250 5429 1397 5487 Christum
1413 5429 1562 5487 induistis.
1577 5436 1633 5488 eto.

163 5490 236 5575 (711)
252 5492 284 5545 In
299 5497 397 5567 autog.
410 5511 503 5579 marg.
514 5495 749 5573 hiclegiturcap.
761 5500 821 5558 XII.
1047 5500 1100 5556 718
1126 5501 1178 5557 Hie
1190 5501 1221 5556 in
1237 5506 1335 5576 autog.
1352 5516 1446 5578 marg.
1463 5500 1570 5577 legitur
1583 5517 1645 5576 cap.
1677 5501 1754 5563 XIII.

162 5559 239 5634 (720)
253 5561 339 5639 Vulg.
354 5582 422 5624 uum
435 5573 462 5625 ct
476 5585 511 5625 ua·
520 5567 579 5628 hoc.
1038 5502 1112 5648 (itui
1128 5571 1214 5649 Vulg.
1230 5573 1370 5634 asmata.
