3922 6098
164 274 206 359 ie
681 284 1366 361 ‘arronisvuacuccuusisarrscorr
1835 296 1874 359 er

165 428 266 502 tamen
281 425 366 486 aliter
388 428 570 487 excusandas
600 448 665 491 esse
692 431 912 507 perpendimus,
933 430 991 490 nisi
1006 431 1035 495 Α
1049 427 1078 483 id
1094 428 1173 502 quod
1187 432 1274 502 turtio
1286 431 1342 496 tii,
1358 442 1417 484 non
1432 425 1527 501 pot-‘tii
1540 443 1605 485 0⁸⁸0
1620 427 1874 502 uiilbnequewr·

167 517 419 590 quemadmodum
440 523 613 577 sanctorum
637 523 756 579 Patrum
787 523 992 581 saluberrimis
1050 536 1103 576 sus
1119 520 1147 575 id
1162 520 1238 591 quod
1254 519 1410 576 honestum
1427 524 1481 588 est,
1497 517 1612 587 inutile,
1634 517 1704 591 quia
1726 519 1877 592 complexa

172 605 411 666 institutionibus
426 609 632 679 admonemur,
644 613 713 685 quia
728 614 870 686 scriptum
882 617 927 671 est
940 631 947 670 ς
959 615 997 671 Ne
1050 609 1198 666 honestati
1213 613 1258 665 est
1273 624 1389 681 semper
1403 608 1527 675 utilitas,
1543 613 1572 664 et
1587 608 1705 664 utilitati
1725 608 1874 666 honestas.

170 698 386 771 transprediarr'e
401 699 477 771 fines,
494 717 562 772 qnos
575 714 727 774 posuerunt
740 708 994 777 patreetai(l’rcv.
1051 700 1107 756 Sed
1123 699 1174 771 qui
1191 701 1360 755 sanctorum
1386 698 1506 753 Petrum
1535 698 1753 771 parvipendunt
1771 699 1876 767 edicta,

167 801 240 854 xxu,
254 788 312 860 28.)
328 789 358 845 Si
375 787 441 862 quis
456 793 553 846 tamea
570 793 709 849 canonica
724 795 754 850 in
769 795 817 852 his
841 799 995 852 contentus
1051 787 1874 861 magnumnonestsinostraetiamredarguantctoparu:

168 874 227 948 (lo)
243 893 309 933 esse
324 876 450 933 noluerit
459 877 584 949 judicio,
595 882 646 937 sed
660 899 714 938 sua
729 883 933 941 adinventione
949 901 996 939 sa·
1052 894 1156 950 nempe
1172 877 1221 950 qui
1238 876 1356 932 iliorum
1373 893 1431 932 non
1448 880 1584 933 metuunt
1601 880 1874 945 siaiuiflitmeffli'ss,

169 965 302 1022 cerdotos
317 965 367 1022 Dei
390 981 580 1038 pregravare,
609 987 723 1040 vexare,
749 972 794 1028 vel
823 973 995 1045 exspoliare,
1052 983 1105 1022 neo
1116 970 1224 1022 nostra
1237 969 1374 1021 metuunt
1386 965 1451 1021 vita
1466 966 1627 1032 detrahere,
1638 982 1739 1022 verum
1751 967 1840 1023 etiam
1850 972 1878 1023 et

169 1051 292 1126 insuper
306 1055 392 1110 etiam
410 1058 439 1110 et
454 1054 479 1110 ei
494 1056 625 1115 occidere
640 1062 870 1133 presumpserit,
883 1065 997 1135 oportet
1048 1056 1193 1128 judicium
1202 1054 1877 1128 pragmvnreouamvisigiturabeoclesiastioa

169 1146 581 1203 nossanctorumoeasuram
611 1150 752 1206 servando
781 1151 890 1223 puniri,
906 1168 995 1224 quam
1051 1144 1569 1215 recedamuscensura,quibusdam
1593 1161 1628 1201 ex
1650 1145 1723 1217 ipsis
1744 1146 1876 1215 [laventi-

169 1231 234 1302 eJue
250 1248 343 1304 prava
359 1233 527 1290 satisfacere
555 1237 711 1310 voluntati,
735 1241 869 1311 quamvis
898 1246 927 1297 et
941 1241 996 1297 hoo
1051 1236 1118 1302 bus,
1134 1235 1253 1291 illorum
1269 1234 1357 1290 etiam
1369 1233 1492 1305 judicio,
1504 1234 1701 1290 satisfaciendi
1716 1234 1813 1290 locum
1829 1251 1875 1290 re-

170 1336 255 1394 agere
271 1322 468 1393 perniciosum
484 1324 532 1393 sit,
549 1331 578 1381 et
592 1327 660 1383 talis
673 1345 768 1400 poena,
785 1329 827 1385 vel
854 1346 933 1386 mors
949 1347 995 1387 su·
1053 1325 1146 1397 perire
1159 1324 1237 1397 apud
1254 1321 1409 1379 saculares
1423 1324 1454 1378 in
1469 1323 1641 1395 hujusmodi
1660 1324 1873 1395 potuissemus,

169 1410 209 1468 tis
225 1427 331 1484 aspera
345 1412 489 1469 videatur.
507 1416 575 1482 Quae
591 1417 668 1472 enim
698 1434 777 1474 more
792 1418 822 1474 in
842 1417 908 1488 [hoo
923 1436 995 1492 pra·
1051 1414 1273 1471 incommodum
1289 1413 1478 1478 arbitramur,
1496 1429 1532 1468 ne
1547 1413 1614 1468 aliis
1627 1412 1682 1468 hoc
1698 1412 1813 1482 assequi
1827 1430 1874 1480 po·

171 1499 245 1556 senti
261 1499 368 1556 seculo
383 1501 528 1559 crudelior
543 1520 608 1560 esse
621 1506 737 1578 poterit,
747 1522 835 1579 quam
849 1523 916 1562 cum
928 1523 995 1579 pas·
1050 1502 1189 1569 lentibus,
1201 1501 1358 1574 ueletiam]
1370 1500 1579 1569 volentibus,in
1591 1501 1757 1573 exemplum
1772 1502 1876 1572 produ·

170 1592 249 1647 toras
263 1587 398 1646 Ecclesia
414 1591 450 1647 ab
466 1590 569 1649 ovibus
583 1598 776 1667 separantur;
798 1598 838 1663 et,
853 1600 905 1651 aut
933 1613 995 1652 car·
1051 1595 1166 1648 caretur
1180 1592 1248 1663 (ll),
1262 1595 1291 1646 et
1321 1590 1463 1646 iratribus
1491 1589 1619 1648 eveniret
1634 1589 1663 1645 in
1690 1590 1874 1657 scandalum,

170 1675 239 1747 ceri]
255 1676 457 1748 includuntur,
472 1680 517 1737 vel
532 1681 633 1739 exsilio
649 1682 807 1756 pelluntur,
823 1686 996 1757 [eorumque
1051 1680 1129 1754 quod
1146 1679 1258 1736 anobis
1275 1680 1482 1752 quoquomodo
1506 1678 1611 1735 fuisset
1635 1681 1790 1734 extortum.
1812 1679 1874 1734 Non

169 1781 292 1839 corpora
300 1768 431 1840 penuriis
442 1773 734 1839 atteruntur‚mentes
746 1778 844 1830 autem
860 1780 993 1844 moerore}
1010 1800 1034 1868 B
1051 1769 1130 1827 enim
1144 1773 1189 1825 est
1203 1769 1319 1841 sapiens
1330 1769 1380 1840 qui
1397 1771 1491 1825 nocet.
1501 1767 1587 1823 Aliud
1599 1771 1721 1824 estuaro
1741 1784 1872 1823 commu-

169 1854 366 1913 atlloiuntur?
380 1857 420 1915 De
443 1875 475 1915 ee
504 1860 664 1934 suspirant,
691 1861 727 1918 de
753 1863 808 1919 sibi
825 1863 993 1921 commissis
1049 1859 1125 1915 niter
1138 1857 1332 1931 sapere,aliud
1343 1861 1389 1913 est
1404 1872 1507 1929 sapere
1522 1856 1657 1929 porieote.
1669 1857 1723 1925 Qui
1743 1873 1875 1913 commu-

63 1940 65 1945 ’
170 1942 292 2015 ejulant,
309 1946 464 2017 prasentia
478 1949 632 2020 patiuntur
645 1950 801 2024 supplicia,
811 1951 994 2024 suturaquea
1048 1946 1126 2003 niter
1141 1947 1229 2019 sapit,
1245 1963 1297 2019 pro
1312 1945 1526 2019 temporalibus
1534 1946 1621 2020 sapit,
1636 1946 1685 2018 qui
1696 1950 1794 2002 autem
1806 1963 1874 2018 per-

170 2029 357 2089 caraitloibus
373 2034 595 2106 promittuntur,
610 2041 751 2110 expavent
765 2040 994 2111 majora‚oonso·
1049 2035 1123 2092 lecte
1145 2037 1233 2110 sapit,
1248 2052 1305 2092 non
1322 2035 1426 2108 quaerit
1439 2039 1557 2092 tantum
1573 2036 1649 2108 qaod
1663 2035 1717 2091 sibi
1734 2034 1804 2090 utile
1817 2038 1872 2102 est,

170 2119 277 2176 latores
293 2121 329 2176 ab
357 2122 430 2194 ipsis
458 2124 612 2192 tolluntur,
629 2126 847 2199 exprobrantes,
862 2127 908 2185 vel
934 2132 994 2185 ter·
1049 2125 1100 2181 scd
1117 2126 1193 2197 quod
1211 2125 1359 2181 omnibus.
1372 2124 1420 2180 Ait
1436 2125 1556 2196 quidem
1572 2125 1673 2180 beatus
1694 2122 1872 2195 Gregorius:

170 2211 269 2264 rentes
288 2209 400 2282 jugiter
427 2212 597 2271 assistunt?
623 2215 725 2273 Nonne
752 2215 844 2274 levius
873 2218 995 2289 precisa
1050 2214 1132 2286 Saepe
1143 2214 1179 2270 ab
1191 2213 1463 2270 bominibustimor
1473 2211 1578 2270 debilis
1598 2217 1683 2268 cauta
1693 2212 1873 2284 dispensatio

170 2296 279 2354 cervice
290 2299 521 2357 occumberent?
532 2305 589 2358 dut
600 2304 724 2361 tortasse
734 2304 789 2362 hoo
798 2310 917 2379 agentes
929 2306 994 2363 ideo
1048 2307 1179 2371 vocatur,
1191 2308 1219 2359 ct
1234 2302 1319 2375 quasi
1333 2301 1494 2375 prudenter
1508 2302 1651 2374 impetum
1663 2317 1693 2357 se
1709 2299 1873 2356 declinasse

169 2383 324 2441 homicida
349 2404 408 2444 non
429 2394 510 2456 sunt,
539 2393 608 2463 quia
632 2391 681 2448 isti
711 2392 823 2467 absque
850 2395 994 2468 sanguine
1050 2387 1874 2463 asserunt‚cumlugientestitlturpiterintergaferiun-

170 2478 321 2530 necantur.
339 2475 421 2533 Certe
436 2476 575 2537 Julianus
590 2480 656 2538 ideo
671 2481 817 2539 crudelior
831 2500 889 2555 pra
908 2488 994 2540 cate·
1048 2484 1107 2537 tur.
1124 2479 1342 2554 Congruentius
1357 2494 1425 2552 ergo
1445 2477 1582 2550 eligimus
1604 2481 1735 2533 nostram
1759 2481 1873 2548 portare

169 2560 212 2617 ris
227 2563 360 2636 tyrannis
376 2564 473 2624 dictus
487 2572 542 2634 est,
559 2569 629 2641 quis
642 2574 785 2645 martyres
799 2571 907 2628 Christi
930 2589 995 2628 san-
1048 2569 1199 2641 injuriam,
1217 2585 1306 2641 quam
1322 2566 1387 2624 aliie
1403 2566 1509 2624 interro
1521 2564 1711 2634 calumniam,
1723 2570 1750 2620 ot
1762 2565 1797 2620 ab
1809 2564 1875 2620 aliis

170 2651 292 2723 guinem
308 2651 429 2712 tundere
444 2673 503 2713 non
519 2656 645 2727 sinebat,
660 2661 710 2716 sed
736 2660 860 2717 diversis
881 2660 994 2735 suppli·
1050 2659 1161 2730 injuste
1172 2657 1336 2731 pati‚quam
1347 2653 1577 2727 anobtsinjusta
1587 2653 1713 2710 delendi:
1723 2670 1780 2709 non
1794 2654 1874 2709 enim

171 2737 391 2812 distorquens,
413 2749 481 2817 post
504 2744 621 2818 longam
650 2748 877 2806 macerationem
903 2749 994 2806 vitam
1050 2748 1080 2804 in
1096 2751 1270 2821 perpetuum
1286 2747 1473 2815 damnamur,
1489 2743 1875 2815 cuminjustejudioamur,

171 2826 256 2883 finire
273 2829 404 2902 cogebat.
421 2831 493 2891 llinc
510 2834 601 2892 isaias
616 2837 674 2893 ait:
693 2838 778 2895 Omne
791 2846 872 2910 caput
883 2839 994 2909 tanqui-
1049 2836 1163 2893 dicente
1173 2835 1349 2893 psalmista:
1366 2837 1422 2892 Nec
1447 2832 1592 2891 damnabit
1619 2849 1682 2889 eam
1694 2849 1757 2889 cam
1771 2833 1874 2902 indica·

172 2913 248 2987 darn,
264 2925 291 2973 et
305 2935 384 2976 omne
398 2937 445 2978 cor
456 2940 580 2996 marene
597 2915 726 2998 optuma
743 2927 821 2999 pedis
847 2943 932 3000 usqae
960 2928 995 2985 ad
1050 2925 1124 2982 titur
1138 2924 1186 2981 itti
1199 2924 1287 2994 (Paci.
1297 2939 1382 2990 xxxv,
1397 2923 1455 2995 33.)
1540 2912 1544 2917 ’

172 3006 305 3061 verticem
320 3023 375 3063 non
387 3017 427 3067 ert
440 3012 470 3066 in
482 3027 513 3068 co
527 3015 633 3069 sanitae
648 3014 727 3087 (isai.
743 3031 762 3084 1,
778 3013 818 3087 3.)
1084 3013 1170 3071 Multi
1184 3012 1312 3086 donique
1322 3013 1509 3069 sacerdotum
1521 3009 1636 3083 culpam
1647 3009 1708 3067 zelo
1718 3009 1769 3066 Dei
1776 3026 1874 3083 perse-

207 3092 415 3155 Verumtamen
426 3098 566 3157 licethac
580 3102 815 3160 durissimaesse
829 3103 994 3173 videantur,
1049 3103 1100 3176 qui
1115 3120 1147 3160 se
1159 3103 1344 3176 profitentur,
1361 3102 1413 3158 sed
1429 3101 1500 3156 dum
1515 3099 1673 3156 indiscrete
1697 3099 1751 3155 hoc
1771 3103 1874 3171 agunt,

172 3181 304 3239 divinam
320 3185 370 3242 sed
386 3186 465 3244 enim
490 3189 653 3247 babeamus
672 3191 912 3260 consolationem,
929 3169 1030 3264 quac
1049 3190 1195 3264 sacrilegii
1207 3187 1875 3262 lacinusincurrunt‚etdumpraoipitesquasi

171 3269 230 3328 uit:
246 3272 335 3331 Nolite
347 3276 445 3334 timere
459 3294 507 3335 eor
520 3282 569 3351 qai
583 3279 708 3338 comdant
735 3296 842 3354 corpas,
868 3283 996 3337 annnam
1049 3282 1085 3338 ad
1100 3280 1320 3338 emendandum
1335 3284 1436 3347 ruunt,
1447 3277 1503 3351 ipsi
1513 3294 1629 3351 quoque
1645 3277 1771 3333 deterius
1781 3276 1874 3333 mulio

170 3368 265 3417 antem
278 3377 333 3418 non
345 3368 461 3434 poseant
475 3367 598 3424 occidere
610 3384 621 3431 ,·
635 3367 682 3425 sed
694 3371 784 3441 potiar
812 3385 874 3426 earn
891 3370 994 3441 timete,
1049 3369 1144 3442 magis
1159 3370 1286 3426 cadunt:
1303 3369 1382 3425 unde
1393 3371 1422 3423 et
1435 3367 1465 3422 in
1481 3366 1556 3423 libro
1570 3371 1682 3438 Regum
1694 3366 1729 3421 de
1744 3381 1811 3422 arca
1823 3368 1875 3422 llo·

170 3451 496 3520 quipatcstanimnmpt
524 3471 620 3528 corpus
643 3458 757 3531 peram
786 3460 815 3514 in
842 3459 996 3530 gebennam
1049 3459 1123 3515 mini
1138 3457 1254 3531 legitur,
1271 3456 1341 3528 qaia
1353 3458 1499 3528 postquam
1513 3457 1648 3510 rrencmnt
1663 3454 1698 3511 ad
1712 3472 1807 3511 arcam
1822 3457 1876 3510 Na-

171 3535 479 3613 (durinnandans
494 3544 657 3601 monadum
672 3545 791 3603 beatum
807 3546 995 3604 Ambrosium
1048 3549 1123 3616 chor,
1135 3545 1263 3603 extendit
1271 3543 1603 3603 manamoaaadarcam
1621 3545 1740 3614 Domini,
1752 3547 1876 3601 ettennr't

171 3623 203 3694 (l.
220 3639 252 3680 111
265 3625 354 3698 offic„
366 3628 430 3698 oti)
447 3633 994 3707 sanetusNabutbausineopertectus
1048 3652 1120 3704 carn
1132 3635 1267 3708 quoniam
1292 3631 1480 3690 calcitrabant
1504 3632 1591 3699 bones.
1613 3638 1641 3690 ct
1666 3631 1875 3690 declinaverant

172 3712 293 3786 exstitit,
309 3715 378 3788 quia
392 3719 538 3792 sauguine
548 3721 665 3795 proprio
676 3722 919 3795 delendaratJ’nra
930 3740 995 3780 ma·
1048 3741 1109 3783 eom
1120 3732 1164 3788 ,·et
1179 3726 1268 3780 iratae
1282 3721 1478 3797 indignatione
1492 3722 1623 3778 Dominae
1635 3725 1729 3779 aarum
1745 3723 1838 3794 Onam,
1849 3728 1876 3780 et

168 3802 280 3874 jurum,
300 3806 505 3892 ethonestatis
535 3811 779 3884 contemplatione
801 3817 926 3869 mortem
949 3813 994 3868 in·
1046 3815 1181 3888 percussit
1192 3828 1255 3868 enm
1268 3828 1352 3884 cuper
1363 3814 1564 3874 temeritatem
1575 3814 1624 3884 qni
1639 3818 1764 3869 mortuas
1779 3817 1819 3868 est
1835 3814 1876 3870 ibi

173 3907 288 3950 currere
303 3912 361 3952 non
377 3896 555 3955 lormidovit.
572 3897 645 3955 Gum
673 3900 751 3956 anim
780 3901 994 3959 abcovineam
1041 3908 1237 3980 juataarcam
1250 3902 1361 3957 ilornini
1380 3901 1420 3973 (ll
1436 3901 1499 3973 lirq.
1525 3902 1705 3973 vr,6.)0uid
1731 3901 1808 3959 enim
1824 3920 1877 3975 per

172 3991 366 4056 rexposcerat
378 3987 534 4061 pecuniam
550 4005 581 4045 se
595 3989 735 4047 daturum
750 3989 901 4064 pollicens,
911 3992 994 4047 inde·
1051 4008 1150 4051 arcam
1161 3989 1267 4047 melius
1278 3988 1874 4063 quamsanctaticclesiadesignaturtQuid

173 4087 273 4129 corum
290 4076 418 4148 pretium
434 4091 487 4150 pro
511 4081 633 4150 paterna
656 4081 802 4138 recusavit
815 4080 994 4148 haereditate,
1051 4079 1214 4155 perboves,
1231 4093 1321 4150 quam
1337 4077 1514 4135 dissidentes
1527 4077 1716 4135 sacerdotes?
1731 4078 1805 4144 Quid
1824 4097 1876 4152 per

172 4160 336 4236 maluitque
351 4169 446 4222 morta
462 4164 609 4224 declinare
641 4167 813 4242 hujusmodi
834 4169 996 4242 turpitudi-
1051 4167 1212 4236 Onammisi
1228 4165 1355 4239 aliquem
1369 4165 1560 4222 temerarium
1574 4165 1791 4239 intelligimus?
1805 4167 1875 4224 Saul

173 4265 261 4307 nem:
276 4253 336 4310 Non
349 4254 430 4325 miti,
445 4254 553 4326 iuquit,
570 4257 620 4327 fiat
633 4273 650 4312 a
665 4259 730 4329 ileo,
745 4261 777 4313 at
791 4258 857 4314 ciem
870 4258 922 4314 citi
939 4258 996 4315 ba·
1052 4255 1140 4314 etlam
1156 4254 1193 4311 ab
1208 4253 1272 4328 ipso
1285 4253 1409 4311 Domino
1420 4253 1451 4311 in
1462 4253 1682 4328 regnoeleotus,
1694 4254 1764 4327 quia
1779 4271 1875 4312 sacer-

97 4412 100 4423 ,
172 4339 317 4399 ruditatem
328 4350 444 4417 patrum
458 4358 582 4400 marum
610 4346 665 4416 (ill
693 4349 758 4420 lica.
787 4346 997 4420 xx1,3):boc
1050 4344 1128 4403 dotis
1146 4359 1289 4415 usurpare
1301 4359 1392 4399 ausus
1404 4342 1663 4410 estmiuisterium,
1675 4343 1875 4414 meritoapro-

173 4433 218 4485 est
231 4435 349 4488 tantum
364 4432 437 4488 mibi
454 4433 644 4505 opprobrium
659 4436 860 4502 conflatum
875 4434 997 4507 permit·
1051 4433 1139 4507 pheta
1154 4431 1284 4489 audivit:
1299 4432 1489 4504 Stulteeqisti,
1503 4447 1553 4488 nec
1573 4431 1716 4486 antedicti
1739 4429 1874 4485 mandata

173 4519 217 4574 tat
232 4520 310 4576 Dans
324 4525 441 4577 tantum
456 4523 621 4595 extorqueri
637 4524 791 4598 flagitium.
806 4523 870 4580 Non
896 4522 998 4596 utique
1012 4541 1036 4608 D
1053 4524 1165 4580 Domini
1179 4523 1227 4579 un·
1238 4522 1291 4592 tat,
1306 4534 1371 4592 qaae
1382 4522 1518 4593 praecepit
1531 4519 1591 4576 tibi.
1608 4519 1672 4587 Qaae
1685 4519 1711 4573 si
1722 4533 1778 4574 nan
1792 4519 1876 4590 secie-

173 4624 225 4680 pro
241 4607 351 4666 vitibus
365 4610 420 4666 hoc
435 4608 519 4666 dicit:
537 4613 725 4685 nequeenim
749 4614 785 4669 de
799 4612 909 4670 vitibus
925 4629 996 4668 cura
1055 4626 1108 4680 sec,
1120 4612 1183 4684 jam
1197 4625 1273 4666 nanc
1283 4619 1470 4682 preparasset
1497 4608 1627 4665 Dominae
1654 4622 1774 4676 repnnrn
1796 4612 1876 4664 taam

172 4699 216 4752 est
231 4696 300 4765 Deo,
317 4714 411 4770 neque
426 4700 591 4771 deiterreno
605 4701 711 4774 spatio,
727 4702 779 4758 sed
810 4701 846 4758 de
871 4701 939 4773 jure
953 4700 995 4755 lo·
1051 4718 1134 4774 cuper
1149 4701 1233 4757 lsrael
1246 4701 1278 4755 in
1293 4701 1499 4771 smpiternam,
1510 4695 1557 4753 ced
1569 4711 1743 4768 nequaquam
1762 4713 1876 4769 repnam

172 4783 274 4855 quitur
288 4785 521 4845 PetrumPotuit
537 4789 639 4862 utique
653 4793 682 4847 st
696 4789 819 4846 alteram
833 4789 949 4846 vineam
960 4789 996 4844 do
1049 4796 1131 4848 taam
1145 4788 1225 4847 altra
1240 4793 1393 4859 consurget.
1409 4785 1542 4855 Qaaesint
1559 4784 1692 4841 Dominae
1710 4787 1765 4842 sibi
1783 4789 1875 4842 viram

170 4871 265 4929 vinds
279 4875 357 4948 regis
374 4877 561 4950 acciperetet
576 4878 690 4937 amicus
714 4878 792 4953 regis
812 4894 877 4936 osse
891 4879 922 4933 ln
937 4892 995 4952 quo
1042 4884 1133 4956 juata
1145 4894 1193 4936 cor
1207 4893 1298 4947 eamn,
1307 4880 1334 4932 et
1345 4875 1479 4948 pracepit
1488 4875 1516 4931 ei
1539 4876 1683 4943 Dominae,
1694 4881 1726 4931 at
1740 4883 1807 4932 neat
1817 4875 1876 4931 dna

171 4978 230 5019 non
242 4964 398 5021 mediocris
413 4966 511 5023 saculi
525 4966 737 5040 bajusutilitas
749 4967 886 5024 estimari
902 4968 998 5025 solet:
1050 4985 1131 5043 caper
1146 4969 1300 5042 populana
1312 4980 1407 5033 marn,
1423 4979 1455 5021 cc
1479 4962 1548 5038 qaod
1570 4981 1626 5021 non
1649 4967 1798 5022 armaveris
1815 4981 1876 5039 qua

172 5053 221 5110 sed
234 5055 312 5127 quod
323 5059 409 5128 turpe
420 5061 484 5113 erat
490 5057 634 5129 judicavit
644 5074 700 5114 non
725 5056 817 5114 videri
836 5057 917 5127 utile,
936 5074 996 5115 ma·
1049 5053 1670 5133 praecepitDominae(lliep.xm,13.)0aiau
1689 5069 1875 5128 quoquerex,

171 5142 285 5218 luitque
299 5144 464 5218 periculum
479 5162 547 5202 cum
559 5145 710 5204 honestate
721 5147 923 5220 subire‚quam
935 5147 994 5203 uti·
1053 5164 1121 5205 cum
1136 5163 1189 5220 per
1204 5145 1316 5218 aliquot
1329 5159 1423 5200 annos
1437 5140 1513 5201 Deos
1526 5144 1649 5211 lavante,
1660 5142 1707 5198 cui
1722 5143 1823 5200 devote
1836 5145 1877 5200 ia·

172 5232 359 5292 litatemcum
374 5236 811 5310 opprobrioitnimadvertimua
826 5236 996 5310 igiturquia
1052 5235 1161 5294 malari
1175 5234 1338 5301 videbatur,
1349 5232 1473 5290 feliciter
1485 5233 1633 5306 regnasset
1646 5230 1677 5287 in
1692 5232 1810 5304 populo,
1827 5239 1876 5289 ne·

207 5380 263 5451 (lu)
280 5380 415 5436 canonico
537 5388 685 5436 conantes.
715 5379 763 5436 Sic
788 5379 879 5435 codex
906 5379 994 5437 Resb.
1048 5383 1220 5452 procuretur.
1237 5374 1341 5432 Statim
1358 5373 1574 5431 nbiexeodem
1605 5374 1703 5430 codice
1722 5375 1769 5431 edi
1784 5392 1873 5431 cura·

172 5452 345 5508 emendare:
362 5452 443 5523 prior
461 5451 560 5525 editio,
587 5454 717 5508 canonice
733 5494 740 5506 .
758 5493 765 5506 .
783 5496 791 5522 ,
816 5455 993 5523 contemptas,
1048 5449 1146 5507 rimus
1160 5451 1312 5517 extortam,
1329 5445 1468 5503 richerius
1482 5443 1622 5513 ediderat,
1639 5453 1775 5503 exortam.

171 5527 317 5595 corrupte.
1085 5522 1145 5652 (43
1158 5521 1226 5577 Cum
1239 5521 1390 5594 sapientes.
1407 5518 1450 5573 lta
1463 5516 1560 5589 legero
1580 5516 1710 5604 placuit;
1735 5534 1803 5576 nam
1822 5535 1874 5574 an·

206 5594 263 5668 (ll)
274 5593 483 5654 noaacrraar.
490 5595 537 5655 Sic
552 5611 587 5652 ax
596 5593 686 5652 codex
696 5591 783 5650 Resb.
795 5591 875 5665 prior
895 5593 994 5662 editio,
1050 5596 1097 5652 tea
1148 5593 1223 5653 itum
1235 5597 1307 5664 erat,
1321 5589 1457 5650 asserunt.
1474 5587 1677 5663 Gmtreprentes.
