3922 6098
184 256 224 318 re
320 230 325 238 ’
505 292 506 297 κ
696 250 864 313 eunome
887 248 1182 313 venenumque
1207 252 1381 312 arranem
1609 271 1613 282 ·
1851 258 1886 314 75

186 386 269 446 illata
285 386 499 456 sustinuerunt,
511 383 557 441 sic
567 389 596 441 et
610 384 659 440 isti
671 383 884 439 rursueeadem
896 381 1013 454 patiun·
1027 384 1056 450 Α
1072 383 1209 439 mulaoris
1224 384 1264 441 ait
1280 402 1286 440 :
1304 383 1414 441 Similes
1428 385 1486 442 illis
1511 387 1579 457 ficiat
1604 388 1652 459 qai
1674 387 1784 461 fociant
1805 403 1851 450 ea:
1864 398 1887 446 et

185 483 245 546 tur,
263 482 295 534 ut
309 490 490 549 paganorum
506 474 619 547 regalia
638 472 753 545 possint
775 471 895 529 erudiri.
912 473 946 526 Et
961 487 1013 526 nec
1068 489 1161 528 centres
1174 477 1222 544 qui
1236 476 1372 544 confidant
1386 477 1416 531 in
1429 478 1468 532 eie
1481 476 1567 547 (Prot.
1579 477 1767 549 cx1n‚8).ltit
1782 477 1887 550 quippe

187 567 323 624 indoctae
337 564 450 620 elevare
464 566 603 619 metuunt
617 561 653 616 ad
668 560 850 631 cathedram,
865 566 894 616 et
911 576 1013 617 rursus
1068 561 1171 618 heatus
1192 563 1387 636 Hieronymus
1403 561 1434 636 (l.
1448 581 1476 620 vr
1490 565 1521 620 in
1534 569 1651 631 ierem..
1667 582 1692 621 c.
1710 566 1753 636 ta)
1769 582 1776 622 ι
1797 590 1808 616 ι
1826 566 1887 622 ldo·

186 655 311 712 elevatos
330 651 493 725 discipline
517 650 743 724 philsophorum
766 650 938 706 submittere
953 665 1012 704 non
1067 649 1130 706 lum
1152 651 1296 724 hodieque
1321 653 1449 725 ponitur,
1465 655 1583 727 quando
1606 671 1716 711 novum
1739 655 1847 729 dogma
1860 654 1888 711 in

187 744 357 801 formidant.
1068 739 1195 796 Ecclesia
1209 742 1434 798 constituitur.»
1447 742 1520 800 Sane
1535 743 1584 799 hic
1594 743 1685 799 etiam
1701 743 1887 801 inserendum

222 835 329 890 heatus
343 830 452 905 quippe
460 827 620 901 Gregorius
636 845 738 884 omnes
754 827 905 901 pontifices
921 843 938 883 a
952 826 1012 882 lec·
1067 829 1216 895 duximus,
1232 831 1309 901 qaod
1326 831 1355 886 in
1371 831 1517 888 Ezechiele
1539 832 1682 905 propheta
1706 833 1812 905 legisse
1827 848 1888 889 me-

185 924 265 980 tione
284 921 434 989 ,librorum
455 916 614 990 gentilium
643 917 794 974 inhibebat
810 935 817 973 ι
835 920 1013 988 quapropter
1067 917 1209 974 minimus
1222 936 1228 972 :
1241 921 1273 974 tlt
1287 923 1441 990 soetremest
1456 922 1486 976 in
1500 937 1571 976 mano
1586 923 1728 991 trigesimo
1740 921 1889 978 Ezechielis

186 1011 333 1069 Desiderio
347 1006 509 1065 Galliarum
532 1006 669 1079 episcopo
692 1006 822 1063 scribens
837 1006 878 1062 ait
892 1005 953 1075 (tit.
971 1022 1011 1074 rx,
1065 1008 1204 1077 propheta
1219 1026 1228 1060 :
1245 1007 1312 1062 Certi
1325 1011 1416 1080 aperti
1429 1017 1493 1064 suat
1506 1013 1531 1065 ei
1545 1010 1614 1066 vidit
1631 1013 1749 1066 visiones
1763 1012 1887 1073 Domini:

183 1103 263 1172 epist.
279 1097 323 1169 48)
341 1115 347 1154 :
363 1119 377 1148 α
394 1096 529 1153 Pervenit
544 1096 581 1152 ad
598 1113 652 1152 noa
667 1096 743 1167 quod
760 1096 823 1151 sine
837 1094 1012 1150 verecundia
1067 1103 1091 1150 et
1104 1103 1178 1166 laete
1189 1105 1228 1151 est
1239 1113 1322 1166 erepet
1332 1081 1394 1153 iarn
1404 1099 1552 1154 thiemarus
1566 1101 1675 1155 Domini
1688 1100 1805 1169 (Exeat.
1819 1118 1838 1170 1,
1853 1099 1888 1171 l).

183 1202 346 1246 memorare
356 1202 416 1243 uon
428 1201 587 1258 possumus
599 1184 811 1241 fraternitatem
824 1188 905 1239 tuam
917 1200 1012 1256 gram·
1066 1184 1146 1249 Quod
1170 1185 1273 1241 beatus
1289 1187 1446 1261 Gregorius
1472 1188 1719 1259 prudentissimus
1735 1189 1763 1244 iu
1780 1188 1889 1245 diuinis

184 1277 320 1336 maticam
335 1274 516 1349 quibusdam
532 1289 675 1346 exponere
690 1291 696 1330 :
710 1289 799 1345 quam
815 1289 875 1327 rem
893 1273 934 1327 ita
949 1289 1011 1328 mo·
1066 1273 1253 1345 dogmatibus
1269 1275 1434 1347 disputator
1452 1277 1493 1332 ita
1508 1277 1657 1349 disseruit,
1673 1277 1771 1333 dicens
1787 1277 1851 1348 (lib.
1868 1293 1888 1344 1,

182 1367 268 1437 leste,
279 1364 477 1437 suscepimus,
498 1379 532 1419 ac
557 1379 661 1419 samua
686 1360 886 1418 vehementius
911 1376 1010 1431 asper·
1064 1379 1147 1434 saper
1162 1364 1267 1430 Erech,
1283 1364 1386 1421 homil.
1401 1367 1449 1437 2);
1465 1366 1546 1422 «Ηοο
1562 1370 1660 1422 aulem
1676 1368 1752 1438 quod
1768 1366 1888 1432 dieitur,

183 1456 256 1526 nati,
271 1459 305 1510 ut
319 1470 353 1510 ea
368 1470 432 1526 quae
455 1453 540 1525 prius
555 1453 590 1507 de
605 1456 633 1507 te
648 1451 732 1508 nobis
753 1451 829 1506 bona
853 1449 931 1504 dicta
948 1450 1010 1504 lue·
1065 1452 1136 1523 quia
1149 1452 1300 1524 trigesimo
1315 1470 1392 1510 anno
1408 1454 1544 1527 spiritum
1560 1454 1718 1527 prophetiae
1733 1455 1886 1527 acceperit,

184 1543 307 1615 rant,in
325 1542 468 1616 gemitum
494 1546 523 1597 et
546 1540 697 1598 tristitiam
723 1538 1011 1611 verteremuszquia
1065 1539 1175 1596 indicat
1204 1541 1287 1597 uobis
1317 1541 1427 1614 aliquid
1461 1542 1722 1611 considerandum,
1752 1541 1887 1599 videlicet

182 1635 213 1691 in
229 1636 335 1706 aao2se
353 1647 403 1688 ore
426 1645 495 1688 cum
518 1629 600 1686 Jovis
622 1628 760 1685 laudibus
775 1627 882 1685 Christi
908 1627 1010 1683 laudes
1065 1628 1134 1701 quia
1144 1631 1229 1700 juxta
1243 1630 1365 1687 rationis
1376 1648 1463 1688 usum
1479 1632 1616 1688 doctrine
1631 1648 1727 1688 sermo
1743 1648 1800 1688 non
1816 1648 1887 1704 sup-

181 1740 240 1782 non
268 1721 459 1795 capiunttet
487 1735 577 1792 quam
606 1734 693 1791 grave
721 1717 944 1788 uelandumque
973 1717 1010 1772 sit
1065 1717 1147 1790 petit,
1164 1718 1886 1793 nisiinaetatepsrlecta.UndeetipseDominus

182 1812 333 1887 Episcopis
348 1825 462 1878 canere,
479 1809 558 1882 quod
582 1823 634 1864 nec
653 1807 727 1864 laico
751 1805 887 1879 religioso
903 1821 1005 1861 conve·
1064 1822 1140 1862 anno
1156 1806 1328 1863 duodecimo
1343 1808 1438 1865 rotatis
1456 1826 1516 1866 sua
1530 1809 1561 1865 io
1577 1810 1672 1866 medio
1687 1810 1839 1866 doctorum
1855 1809 1886 1866 in

181 1903 245 1960 niet
258 1901 322 1974 ipse
346 1898 510 1956 considera.
528 1920 540 1947 a
558 1897 706 1969 [Legimus
722 1910 839 1969 quoque
863 1897 898 1950 de
921 1895 1006 1950 beato
1059 1896 1169 1968 templo
1184 1896 1365 1965 sedons‚non
1380 1899 1487 1955 docens
1502 1899 1553 1954 sed
1569 1899 1753 1972 interrogans
1764 1899 1839 1971 (hee.
1852 1916 1883 1968 ιι,

180 1993 373 2063 hieronymo,
399 1985 540 2060 quoniam
570 2002 636 2041 cum
666 1985 774 2040 librum
800 1984 909 2058 legeret
929 1984 1006 2039 Cice·
1061 1985 1105 2056 aa)
1122 1984 1215 2041 voluit
1229 1986 1361 2042 inveniri.
1378 1986 1414 2043 Ut
1426 1988 1504 2044 enim
1521 2004 1579 2045 non
1594 1988 1736 2044 auderent
1751 1987 1885 2044 homines

180 2080 272 2153 ranis,
287 2079 324 2136 ab
340 2075 451 2150 hugelo
472 2078 623 2147 correptus
647 2073 695 2146 sit,
712 2074 790 2146 quod
806 2073 850 2129 vir
864 2072 1008 2129 Christia-
1061 2071 1091 2126 in
1106 2072 1276 2128 infirmitate
1287 2074 1508 2144 praedicare,ille
1518 2091 1595 2132 anno
1605 2076 1779 2132 duodecimo
1791 2076 1884 2132 atatis

183 2173 258 2240 nus]
286 2182 472 2240 paganorum
500 2164 664 2220 intenderet
692 2163 879 2236 [tigmentis]
909 2162 1006 2217 Rudas
1062 2179 1120 2218 sua
1133 2163 1312 2235 interrogare
1327 2163 1461 2220 homines
1476 2168 1521 2220 est
1536 2165 1673 2238 dignatus
1686 2165 1716 2220 in
1732 2168 1820 2234 terra,
1832 2164 1883 2236 qui

185 2259 281 2315 adhue
297 2253 465 2312 scholastici
476 2268 594 2325 operam
605 2252 677 2307 dant
687 2251 805 2318 studiis,
816 2250 925 2323 quibus
940 2267 1007 2306 cum
1061 2267 1113 2323 per
1132 2251 1313 2308 divinitatem
1340 2269 1425 2308 suam
1456 2270 1571 2326 semper
1597 2253 1716 2326 angelos
1741 2254 1826 2310 docet
1853 2253 1882 2308 in

183 2347 266 2404 nulla
280 2344 480 2416 subrogantur
496 2340 610 2408 merita,
622 2356 638 2396 a
650 2339 712 2396 sola
727 2340 932 2396 tantummodo
947 2355 1009 2395 cas·
1062 2340 1144 2397 eoelo.
1156 2341 1229 2404 Quia
1243 2342 1320 2398 enirn
1337 2342 1400 2414 ipse
1415 2347 1459 2398 est
1474 2342 1523 2399 Dei
1540 2343 1693 2415 sapientia,
1705 2343 1741 2399 de
1755 2341 1819 2414 ipso
1835 2359 1884 2398 an·

180 2436 266 2494 titate
279 2433 457 2491 laudantur:
474 2435 502 2486 et
518 2429 663 2502 quomodo
689 2429 745 2484 dici
772 2432 870 2485 castus
890 2429 1007 2503 poterit,
1062 2429 1119 2501 geli
1134 2429 1256 2485 videndo
1281 2431 1391 2496 vivunt,
1409 2431 1464 2487 hoc
1485 2433 1562 2504 quod
1592 2432 1741 2488 beatitudo
1764 2436 1882 2497 aterna,

186 2525 237 2598 qui
252 2522 347 2580 adhuc
360 2520 507 2577 incentiva
516 2518 573 2591 (45)
584 2517 693 2574 sentire
706 2534 763 2574 non
775 2517 888 2574 valeat?
902 2519 1008 2574 statui·
1063 2518 1217 2574 satiantur.
1229 2521 1309 2584 Quod
1322 2521 1437 2592 Moyses
1452 2537 1569 2594 quoque
1584 2537 1635 2592 per
1649 2519 1793 2592 allegoriae
1808 2536 1885 2593 mys-

186 2611 387 2687 turpaorulaa
398 2610 427 2665 in
438 2607 579 2673 medium,
591 2606 926 2679 interrogatarpopulus
938 2624 1008 2679 qua·
1061 2607 1168 2663 terium
1192 2609 1341 2678 admonet,
1356 2609 1456 2666 dicens
1472 2627 1479 2664 z
1496 2612 1554 2666 Non
1573 2609 1669 2666 aradis
1693 2611 1722 2664 in
1744 2611 1884 2682 primoge-

185 2703 224 2761 lis
237 2697 596 2779 sit,quiordinandussit;
609 2697 656 2752 cui
668 2700 767 2752 tamen
781 2695 914 2768 perhibet
928 2696 1008 2752 testi·
1061 2698 1119 2753 nito
1147 2697 1220 2753 eorm
1248 2700 1337 2770 (Dent.
1357 2716 1425 2771 nnn,
1443 2699 1497 2771 10).
1522 2697 1754 2771 primogenitum
1784 2702 1882 2754 autem

184 2793 318 2850 moniam
334 2806 392 2847 noa
407 2787 516 2859 volens,
532 2787 583 2843 sed
607 2784 1007 2858 invitus.Quidsupervaeue
1059 2786 1144 2844 bovis
1171 2788 1345 2860 accipimus,
1360 2788 1389 2844 in
1416 2788 1534 2844 infirma
1561 2792 1644 2843 aetate
1672 2786 1759 2860 primi
1788 2788 1883 2843 nostri

185 2881 328 2956 quaritur
342 2884 375 2936 nt
387 2877 533 2945 laudetur,
549 2892 616 2931 cum
633 2875 669 2930 ab
684 2874 822 2930 omnihus
836 2873 950 2931 inutilis
965 2875 1005 2932 vi·
1059 2877 1200 2950 temporis
1217 2877 1322 2934 bonam
1339 2879 1548 2950 operationem.
1565 2878 1596 2932 ln
1612 2893 1671 2948 qua
1685 2880 1782 2933 tamen
1795 2894 1882 2933 aran·

185 2969 310 3029 dentur?
323 2969 397 3025 Vota
411 2965 544 3023 omnium
558 2965 759 3036 inquiruntur,
775 2980 838 3036 quae
851 2964 939 3020 etiam
955 2980 1005 3021 os·
1059 2967 1129 3023 dum
1153 2984 1210 3024 non
1225 2968 1356 3039 estquis
1378 2982 1445 3022 eum
1469 2967 1564 3039 prima
1587 2965 1647 3022 sint
1669 2965 1880 3036 adolescentie,

184 3061 303 3118 tendere
318 3056 434 3131 publice
448 3058 594 3123 metuunt,
609 3069 644 3109 oa
658 3057 755 3110 tamen
770 3070 836 3125 quae
855 3054 1005 3122 proferunt
1056 3056 1220 3127 juventutis
1235 3063 1340 3113 nostrae
1361 3061 1502 3127 tempora,
1519 3055 1603 3111 nobis
1628 3053 1756 3111 adhuca
1774 3055 1881 3126 preadi-

184 3151 265 3206 meta
280 3150 401 3217 extorta,
412 3148 441 3200 et
455 3145 511 3217 ipsi
526 3143 782 3227 inquirenteslnon
795 3143 938 3198 ambiunt.
956 3119 1040 3199 lti—c
1060 3147 1174 3201 catione
1202 3146 1377 3202 cessandum
1399 3148 1453 3213 eet,
1470 3148 1503 3198 ut
1525 3159 1626 3199 vomer
1640 3142 1744 3215 linguae
1773 3147 1880 3199 nostre

183 3238 254 3296 dent
268 3235 400 3311 plurimi,
412 3233 460 3290 alii
473 3231 558 3306 quasi
569 3233 605 3286 de
619 3231 740 3288 inl'antia
749 3230 858 3287 honore
873 3233 1004 3304 gauden-
1058 3234 1244 3306 proscindere
1255 3251 1312 3290 non
1328 3235 1434 3289 audeat
1447 3237 1553 3288 terram
1567 3231 1664 3287 cordis
1678 3231 1773 3288 alieni.
1787 3234 1881 3298 Quoa-

182 3332 238 3397 tes,
254 3326 305 3382 alii
320 3331 418 3381 tamen
434 3323 547 3377 clarum
562 3325 591 3377 et
611 3320 800 3376 manifestum
823 3322 1004 3394 prestigium
1058 3324 1172 3396 dasque
1187 3324 1294 3380 etenim
1314 3321 1424 3378 infirmi
1440 3338 1554 3389 sumus,
1571 3322 1719 3377 continere
1734 3337 1786 3377 nos
1801 3321 1881 3377 intra

182 3415 360 3473 deridentes.
373 3413 437 3483 lpse
451 3425 568 3482 quoque
587 3407 726 3481 parvulus
744 3409 779 3464 de
797 3408 945 3480 aliquibus
959 3411 1004 3466 in·
1058 3413 1255 3484 nosmetipsos
1270 3413 1422 3477 debemus,
1439 3428 1474 3466 ne
1494 3412 1563 3467 dum
1579 3415 1679 3466 tenera
1700 3410 1777 3467 bona
1790 3410 1880 3466 citius

179 3506 346 3577 terrogalus
361 3498 509 3572 capitulis,
522 3515 585 3569 qam
601 3497 625 3553 si
646 3513 807 3569 praeparare
822 3499 927 3569 poterit
942 3516 1003 3555 me·
1058 3501 1242 3556 ostendimus
1259 3518 1265 3556 :
1282 3500 1351 3572 quia
1372 3505 1400 3555 et
1422 3500 1542 3555 arbusta
1557 3499 1697 3572 plantata,
1713 3500 1738 3555 si
1754 3500 1835 3572 prius
1848 3499 1879 3554 in

181 3594 303 3650 moriter
312 3590 424 3660 reddet,
437 3586 479 3644 vel
491 3586 521 3642 in
533 3586 630 3658 aliquo
642 3585 858 3658 tremensleget
873 3587 1003 3659 pittacio,
1056 3594 1134 3646 terra
1150 3590 1280 3644 radicata
1294 3605 1351 3644 non
1367 3588 1486 3654 tuerint,
1502 3604 1591 3643 manu
1607 3591 1685 3644 tacta
1700 3588 1788 3644 citius
1802 3604 1880 3643 ares·

180 3698 239 3741 non
254 3677 449 3754 episcopalem
464 3676 572 3731 timens
592 3674 712 3746 perdere
727 3674 862 3746 gratiam,
874 3677 923 3731 sed
941 3693 1001 3732 ma·
1057 3683 1141 3747 cunt;
1156 3683 1185 3734 at
1200 3677 1224 3733 si
1240 3676 1329 3734 semel
1343 3677 1469 3733 radicem
1483 3677 1609 3744 fixerint,
1621 3694 1728 3734 manus
1742 3676 1836 3750 tangit
1850 3680 1880 3732 et

179 3771 265 3847 gistri
280 3771 429 3827 incurrere
449 3765 571 3837 virgam.
589 3763 652 3819 Non
667 3762 745 3819 enim
762 3779 824 3835 que
840 3765 942 3820 recitat
956 3766 1002 3822 in·
1057 3767 1130 3822 nihil
1142 3767 1241 3834 elficit,
1255 3766 1332 3822 venti
1345 3765 1509 3839 impellunt,
1522 3771 1682 3823 nontamen
1694 3764 1878 3838 impellentes

177 3859 294 3935 telligit,
309 3859 395 3930 cajus
411 3872 463 3912 nec
478 3855 506 3911 id
522 3852 671 3911 corculum
688 3853 799 3909 discere
815 3853 933 3923 suflicit,
950 3857 1000 3912 sed
1056 3855 1177 3912 laedunt.
1207 3856 1241 3911 Ε)
1270 3856 1430 3911 constructi
1462 3856 1587 3927 parietes
1615 3855 1640 3910 si
1676 3854 1876 3927 impellantur,

55 3978 64 3983 -
175 3951 264 4007 verba
278 3952 394 4006 tantum
410 3960 579 4019 percurrere
594 3942 708 4016 quaerit.
724 3943 932 4016 Interrogatur‚
949 3946 999 4001 sed
1055 3951 1209 4014 eruuntur,
1225 3944 1281 4000 nisi
1303 3944 1385 4017 priua
1411 3944 1519 3999 luerint
1540 3944 1575 4000 ab
1599 3944 1722 4000 humore
1746 3960 1798 4001 suo
1821 3943 1875 3999 sic-

176 4040 256 4097 unde
270 4055 338 4096 eum
367 4035 479 4093 nescire
493 4033 544 4106 qui
560 4032 741 4105 interrogant
768 4048 825 4087 non
853 4033 998 4103 dubitant,
1054 4034 1120 4090 cati.
1138 4035 1220 4089 Mens
1242 4033 1340 4105 itaque
1361 4049 1514 4104 quousque
1529 4033 1565 4088 ab
1579 4032 1702 4089 humore
1726 4031 1876 4105 pravitatis

175 4127 352 4200 respondere
381 4130 478 4181 tamen
508 4122 612 4179 exinde
638 4120 844 4193 quoquomodo
859 4122 999 4179 didicisse
1054 4122 1255 4193 suaeperleete
1275 4138 1331 4177 non
1357 4121 1444 4177 luerit
1470 4120 1740 4192 exsiccate,alienae
1769 4120 1875 4193 lingum

175 4214 337 4272 confidunt.
349 4213 408 4269 Nec
423 4213 565 4283 quaeritur
579 4215 611 4265 ut
621 4225 742 4264 sensum
757 4213 891 4280 exponat,
904 4212 954 4266 sed
967 4217 997 4267 at
1054 4225 1142 4265 manu
1159 4210 1240 4282 tangi
1256 4226 1313 4265 nou
1330 4210 1425 4280 debet,
1441 4226 1477 4265 ne
1496 4209 1668 4282 priusquam
1685 4209 1769 4280 plene
1783 4209 1876 4280 perei-

174 4303 263 4360 verba
275 4305 391 4358 tantum
406 4297 503 4369 aliquo
528 4297 613 4353 modo
630 4300 760 4368 promat;
777 4312 834 4351 non
859 4298 937 4353 enim
952 4300 997 4354 in·
1053 4298 1123 4370 piat,
1141 4299 1243 4370 perdat
1268 4297 1447 4355 soliditatem
1473 4315 1569 4364 suam,
1584 4315 1621 4353 ne
1644 4296 1773 4370 impulsa
1798 4301 1876 4367 ruat,

174 4391 302 4464 quiritur
327 4393 359 4446 ut
381 4387 575 4454 examinetur,
598 4385 649 4440 sed
674 4384 757 4456 quasi
782 4389 815 4440 ut
839 4386 997 4444 canonicus
1053 4404 1088 4445 ne
1102 4388 1181 4443 velut
1197 4388 1351 4443 arbustum
1364 4387 1428 4442 sine
1444 4387 1602 4452 radicibus,
1616 4387 1685 4441 dum
1701 4384 1767 4456 plus
1783 4401 1875 4455 qoam

172 4481 400 4546 ordoservetur,
418 4480 495 4533 etut
519 4472 705 4530 mendacium
729 4475 758 4528 et
781 4473 1176 4553 lrauavalidiorptolerare
1202 4476 1288 4544 valet,
1320 4477 1495 4548 concutitur,
1524 4475 1642 4531 flatibus
1677 4476 1797 4528 arescat.
1829 4475 1874 4528 hd

171 4571 222 4639 sit,
239 4569 264 4626 si
287 4569 408 4626 veritate
432 4565 635 4629 obumbretur,
653 4566 681 4619 et
697 4579 714 4619 a
728 4561 931 4634 compluribus
946 4567 994 4620 fir·
1050 4564 1215 4638 exemplum
1242 4581 1309 4637 ergo
1334 4581 1391 4620 nou
1420 4569 1488 4622 sunt
1514 4562 1703 4628 ostendenda,
1720 4561 1778 4617 nisi
1806 4577 1873 4634 quea

172 4662 290 4717 matur:
308 4659 358 4715 sed
375 4654 442 4729 quis
457 4655 575 4711 firmare
589 4652 696 4725 poterit
719 4651 796 4723 quod
821 4650 897 4707 Deua
913 4653 993 4709 intir-
1049 4654 1135 4710 firma
1149 4658 1228 4710 sunt.
1245 4654 1329 4709 Prius
1343 4656 1451 4710 etenim
1463 4649 1661 4709 convalescere
1676 4652 1762 4707 debet
1778 4667 1872 4718 mene,

171 4748 254 4805 mat?
267 4747 341 4814 onia
356 4745 435 4802 enim
451 4743 545 4799 dicere
560 4758 718 4814 possumus
732 4757 800 4796 oum
815 4741 881 4797 talis
896 4742 926 4800 in
942 4744 992 4798 Ec·
1049 4749 1137 4814 atquc
1158 4744 1194 4798 ad
1212 4741 1368 4799 utilitatem
1393 4744 1591 4816 proximorum
1617 4742 1804 4813 postmodum
1821 4741 1871 4794 de·

169 4831 611 4908 olooiapreponitur,nisiqucd
622 4830 733 4887 idolum
746 4831 912 4886 statuatur?
923 4832 994 4888 Ocu·
1049 4833 1215 4903 monstrari,
1230 4848 1297 4888 cum
1319 4833 1382 4902 jam
1399 4849 1451 4888 nec
1468 4848 1518 4904 per
1541 4831 1659 4886 laudem
1685 4831 1793 4887 elevata
1808 4845 1870 4884 cor-

167 4927 213 4986 los
227 4925 305 4984 enlm
320 4924 420 4989 hahet,
437 4927 465 4978 et
480 4938 537 4978 non
551 4920 639 4988 videt,
656 4921 731 4977 sieut
749 4920 889 4976 Dominus
905 4922 946 4977 ait
961 4922 991 4976 in
1048 4926 1123 4990 ruat,
1138 4938 1190 4977 nec
1205 4921 1507 4994 pervituperaiionom
1520 4936 1659 4992 percussa
1672 4919 1870 4976 contabescat.

167 5013 343 5089 Evangelio:
360 5012 458 5068 Simile
471 5011 536 5067 iilos
551 5027 560 5065 :
575 5010 640 5066 caet
654 5019 718 5065 aaut
729 5017 755 5065 et
769 5010 848 5066 daces
861 5027 992 5066 eaeeoram
1046 5010 1120 5065 Nam
1135 5015 1164 5067 et
1179 5010 1204 5067 si
1219 5010 1371 5066 Timotheo
1386 5009 1512 5065 dicitur:
1530 5011 1656 5081 Proeeipe
1671 5010 1736 5077 hee,
1750 5017 1775 5063 et
1788 5008 1871 5068 doce·

170 5105 274 5179 (llattlr.
290 5103 397 5175 amit).
413 5106 505 5157 Aures
520 5099 609 5154 habet
623 5103 652 5154 et
666 5115 724 5154 non
739 5100 832 5168 audit,
849 5105 880 5155 ut
895 5099 964 5156 alibi
983 5117 989 5154 :
1045 5116 1124 5156 nesae
1140 5100 1352 5155 adolescentiam
1367 5106 1443 5153 taam
1457 5102 1611 5153 contemnat
1627 5100 1650 5168 (l
1666 5100 1733 5153 lim.
1750 5114 1788 5164 ιν,
1805 5097 1869 5159 11);

170 5193 224 5264 Qut
238 5193 319 5250 hahet
331 5207 413 5249 aeres
427 5189 571 5255 audiendi,
586 5189 686 5243 audiat
698 5187 855 5256 (Mottiana.
873 5188 926 5260 15).
943 5190 988 5258 Ε),
1045 5189 1198 5246 sciendum
1214 5194 1258 5244 est
1280 5188 1358 5258 quod
1374 5186 1404 5242 in
1420 5204 1502 5244 sacro
1516 5186 1632 5258 eloquio
1658 5200 1871 5257 nonnunquam

172 5286 206 5336 ut
220 5281 256 5336 ad
272 5280 432 5354 discipulos
447 5296 453 5336 :
473 5277 558 5336 Vestri
573 5279 669 5331 autem
684 5276 757 5330 hecti
771 5276 853 5342 oculi,
869 5280 935 5347 qaia
947 5279 989 5332 oi·
1045 5277 1242 5334 adolescentia
1253 5278 1394 5348 juventus
1404 5283 1538 5345 vocatum
1555 5276 1633 5331 unde
1647 5275 1789 5346 scriptum
1805 5277 1869 5329 est:

167 5369 322 5431 demovet
344 5385 426 5426 eures
449 5367 641 5438 vesomanio
664 5364 901 5436 audiantillatth.
926 5383 987 5438 ¹111,
1042 5369 1160 5437 hetam,
1185 5368 1313 5438 juvenis,
1344 5369 1374 5424 in
1410 5366 1591 5423 adolescentia
1618 5373 1665 5421 tae
1693 5364 1798 5437 (liceis.
1827 5378 1869 5435 xa,

165 5458 221 5531 16).
239 5455 292 5514 Ubi
306 5456 391 5514 valde
405 5457 625 5515 timendnmest
637 5455 715 5527 quod
729 5453 886 5512 Psalmista
900 5456 935 5513 de
948 5456 988 5512 si·
1041 5457 1080 5529 9).
1097 5456 1227 5512 Proiecto
1252 5456 1352 5531 igitur,
1378 5463 1409 5514 ut
1426 5454 1609 5514 'ostendatur
1632 5455 1717 5528 cujus
1743 5451 1872 5513 auctori·

201 5565 257 5644 (115)
272 5563 418 5647 laemtivc.
433 5564 479 5627 sic
493 5565 578 5626 edere
592 5562 688 5640 libuit,
705 5566 734 5621 at
749 5562 891 5625 acherius
906 5566 1047 5652 ediderat,
1063 5564 1213 5627 memma.
