3908 6096
90 266 149 338 aar
786 258 1101 339 rasrsuani‘ruu.
1733 267 1794 344 aas

91 424 158 464 cum
174 407 230 464 hac
244 404 344 464 tamen
357 405 533 475 conditione,
545 410 578 462 ut
591 407 655 479 ipse
668 407 759 464 abbas
774 425 840 464 cum
854 425 916 464 mo·
930 408 958 476 A
973 408 1120 465 minorum
1148 425 1249 483 regum
1269 412 1297 466 et
1320 410 1431 467 domini
1455 425 1535 484 papa
1565 413 1794 486 interponentes,

90 497 193 554 nacbis
209 497 282 563 suis,
298 496 368 552 dum
385 495 548 552 cardinales
570 500 599 552 at
623 497 777 553 decumani
802 496 913 569 praeiati
970 497 1031 553 haec
1059 499 1158 553 omnia
1185 499 1442 556 convalidaverunt
1457 505 1485 556 et
1499 501 1673 559 confirmare
1700 502 1795 562 lacere

91 590 178 642 erunt
193 587 223 644 in
238 585 361 643 ecclesia
375 587 468 641 sancti
479 585 638 652 Ambrosii,
650 586 757 642 vadant
771 603 836 642 cum
852 584 916 641 lita·
970 587 1178 658 promiserunt.
1191 588 1242 644 llis
1256 590 1390 661 peractis,
1406 590 1483 645 idern
1498 590 1636 646 dominus
1652 596 1718 649 Atto
1734 595 1794 666 epi-

92 676 149 732 niis
165 676 227 732 suis
241 677 276 732 ad
293 674 446 731 ecclesiam
460 678 568 731 sanctas
585 675 678 731 Maria
694 676 812 747 Majoris
828 675 914 731 sitam
972 691 1078 747 scopus
1099 691 1158 731 una
1181 692 1246 732 cum
1264 676 1384 752 Hugorie
1404 677 1572 734 marchione
1596 683 1623 735 et
1649 680 1795 739 Brucardo

90 764 170 821 intra
184 764 329 821 civitatem
343 763 508 832 Mediolani,
520 763 571 819 ubi
583 762 690 819 dicitur
700 764 780 819 intus
790 763 916 837 vineam,
972 764 1077 820 comite
1092 765 1240 821 advocatis
1256 766 1317 822 suis
1333 767 1406 822 dixit
1419 785 1425 822 ε
1439 768 1504 822 llaec
1519 771 1564 822 est
1577 785 1642 824 mea
1655 768 1731 826 libra
1746 786 1796 827 vo-

91 858 119 910 et
134 854 173 909 ibi
185 869 268 910 sacra
280 853 389 908 iaciant
399 869 450 925 pro
466 851 566 908 anima
580 869 654 919 mea,
668 858 697 909 et
711 853 794 909 bone
806 869 916 909 merno-
972 851 1070 908 luntas
1084 859 1114 909 et
1129 853 1265 909 ultimum
1282 872 1380 911 meum
1396 857 1573 927 judicatum.
1590 859 1635 913 Sic
1652 875 1698 914 me
1720 865 1796 915 Deus

91 943 140 997 ria
151 943 264 998 domna
276 940 373 997 Maria
384 941 498 1010 matris,
507 958 540 997 ac
552 942 665 998 domne
676 941 785 998 Imilda
796 943 917 1011 sororis,
974 942 1100 1012 adjuvet,
1116 958 1213 998 amen.
1230 948 1334 998 Actum
1349 945 1379 999 in
1398 944 1520 1000 basilica
1542 945 1634 1001 sancti
1650 947 1796 1004 Ambrosii

90 1045 223 1087 mearum
239 1031 279 1086 ibi
304 1031 493 1086 humatarum
510 1046 517 1086 τ
535 1031 627 1087 altera
643 1032 689 1087 die
714 1033 792 1087 idem
807 1032 920 1087 iaciant
974 1028 1119 1101 pontificis
1135 1035 1162 1086 et
1185 1031 1369 1103 contessoris,
1385 1033 1436 1088 ubi
1451 1033 1514 1104 ejus
1530 1039 1664 1091 sanctum
1680 1037 1797 1108 requis-

90 1137 142 1194 pro
158 1120 314 1176 animabus
337 1120 419 1176 bona
439 1119 587 1176 memoria
612 1120 769 1177 comitissa
794 1120 918 1177 Felinda
973 1118 1159 1191 scitcorpus.

90 1210 159 1266 avire
176 1224 259 1278 mea,
270 1214 299 1266 et
319 1208 447 1264 filiarum
464 1210 545 1280 ejns;
561 1214 588 1265 et
604 1209 650 1264 dic
665 1211 749 1266 tertio
775 1209 861 1265 etiam
877 1210 919 1266 ita
1009 1211 1023 1273 †
1042 1207 1099 1281 Ego
1116 1208 1257 1281 Rogerius
1281 1209 1404 1265 humilis
1418 1211 1573 1284 episcopus
1596 1208 1710 1286 legatus
1726 1215 1797 1272 mis·-

90 1299 142 1355 flat
156 1315 208 1371 pro
223 1298 380 1354 animabus
396 1298 562 1354 Rodeliada
578 1297 703 1371 proaviae
720 1314 799 1366 meas,
812 1302 839 1354 et
854 1315 918 1354 orn-
974 1313 1025 1352 sus
1040 1298 1219 1353 sanctissimi
1235 1299 1327 1370 patris
1340 1299 1513 1356 venerabilis
1527 1300 1630 1356 Marini
1648 1320 1725 1374 papa
1742 1304 1797 1362 hoo

90 1387 387 1444 niumdellructorum
401 1403 533 1444 meorum
545 1404 552 1442 ε
564 1388 640 1458 quod
652 1388 675 1444 si
688 1405 744 1443 non
757 1387 918 1453 ilet,omuia
969 1386 1135 1457 judicatum
1152 1385 1278 1452 laudavi,
1295 1387 1474 1460 confirmavi,
1491 1394 1519 1444 et
1533 1391 1705 1463 subscripsi.

92 1477 229 1549 praedicta
241 1477 283 1532 eis
297 1476 392 1548 legata
405 1475 465 1532 sint
478 1476 591 1531 domna
603 1475 746 1532 Bertradaa
761 1476 916 1532 abbatissa
1009 1479 1023 1541 †
1040 1478 1098 1546 Ego
1115 1476 1196 1547 lingo
1218 1491 1315 1531 comes
1337 1475 1452 1548 legatus
1476 1477 1587 1533 missus
1610 1479 1796 1537 dominorum

91 1565 161 1620 dicti
177 1564 346 1621 monasterii
359 1569 464 1620 sancta
476 1565 573 1620 Maria
588 1565 717 1635 Majoris.
731 1567 803 1622 ltem
819 1565 916 1633 iudico
974 1563 1103 1632 lingonis
1117 1568 1146 1619 et
1163 1563 1287 1619 bethurii
1310 1580 1412 1636 regum
1435 1564 1635 1636 piissimorum
1651 1568 1705 1623 hoo
1715 1567 1797 1640 judi·-

92 1657 121 1710 et
133 1653 198 1726 lego
213 1652 297 1709 diota
309 1652 468 1709 venarabili
481 1654 595 1708 domna
606 1654 760 1709 abbatissae
771 1653 916 1710 bertrade
972 1655 1068 1707 catum
1080 1651 1207 1720 laudavi,
1219 1652 1435 1723 confirmavi,et
1446 1670 1533 1709 manu
1548 1670 1613 1710 mea
1623 1656 1795 1728 subscripsi.

93 1743 208 1798 fratruo
220 1759 290 1797 mea
300 1759 366 1797 cum
376 1742 440 1812 ejus
451 1741 627 1797 monialibus
636 1747 664 1797 et
675 1743 852 1798 monasterio
863 1760 916 1798 suo
931 1776 954 1840 B
1008 1746 1022 1806 1
1040 1742 1098 1813 Ego
1114 1740 1229 1796 Olrious
1239 1741 1331 1813 (1691)
1342 1747 1450 1797 sanctas
1462 1741 1688 1800 Mediolanensis
1701 1745 1797 1802 Eccle-

91 1849 197 1887 mansa
211 1831 342 1904 quiaque
357 1835 440 1886 terrae
458 1820 535 1901 j‘uris
551 1831 618 1898 mei,
631 1831 680 1900 qui
696 1848 786 1903 supra
801 1833 917 1888 Attonis
972 1830 1020 1884 sisa
1040 1830 1277 1902 archiepiscopus
1299 1831 1447 1896 omnibus,
1465 1848 1529 1902 ques
1553 1849 1644 1903 supra
1666 1834 1796 1903 interlui,

91 1921 230 1992 episcopi,
241 1921 272 1975 in
287 1925 369 1976 curte
382 1919 509 1985 cerdati,
520 1936 586 1974 cum
603 1920 744 1987 adificiis,
762 1920 863 1981 servia.
875 1920 917 1976 al·
971 1918 1099 1988 laudavi,
1115 1919 1295 1980 confirmavi.
1312 1923 1340 1974 ct
1355 1920 1472 1991 propria
1487 1937 1576 1975 rnanu
1593 1922 1765 1994 subscripsi.

92 2009 147 2065 diis
159 2015 298 2066 eteorum
309 2007 429 2065 familiis
440 2009 596 2080 utriusque
607 2024 693 2066 sexus
704 2010 916 2082 spectantibus,
1009 2012 1022 2072 †
1039 2008 1099 2080 Ego
1112 2012 1178 2063 Atto
1194 2024 1281 2063 sacra
1297 2006 1489 2064 vercellensis
1507 2009 1642 2066 Ecclesia
1657 2011 1797 2084 indignus

91 2099 120 2154 in
136 2099 294 2172 integrum,
306 2102 339 2153 ut
354 2097 538 2154 commodius
554 2098 668 2170 possint
684 2099 740 2154 Deo
757 2098 919 2165 servisset
971 2097 1126 2168 episcopus
1142 2097 1177 2151 ad
1194 2097 1429 2152 confirmandum
1450 2097 1504 2153 hoo
1520 2114 1617 2154 mcum
1630 2100 1796 2171 judicatum

90 2186 181 2245 semel
197 2188 226 2243 in
242 2203 343 2243 mense
357 2187 547 2243 recordentur
561 2203 643 2242 orare
658 2190 691 2242 ut
707 2187 804 2243 anima
822 2204 886 2244 mea
901 2204 919 2243 a
972 2202 1062 2241 manu
1077 2202 1142 2241 mea
1157 2185 1328 2257 subscripsi.

90 2276 217 2348 peccatis
232 2275 373 2331 solvatur.
1009 2280 1023 2340 i
1040 2275 1099 2346 Ego
1115 2274 1286 2330 Linclredus
1302 2273 1453 2346 Papiensis
1464 2276 1619 2350 episcopus
1636 2277 1752 2336 laudavi
1769 2278 1798 2337 et

126 2365 161 2419 Et
176 2365 236 2419 haec
251 2363 413 2436 omniaego
426 2363 476 2435 qui
491 2380 579 2435 supra
594 2367 662 2419 Atto
675 2364 829 2436 episcopus
837 2365 917 2436 judi·
972 2365 1150 2419 conlirmavi.

91 2471 125 2510 co
136 2456 164 2508 et
172 2452 245 2508 facio
256 2469 323 2508 cum
335 2452 510 2520 conditione,
519 2453 598 2524 quod
614 2453 741 2524 praedioti
753 2462 916 2527 omnesqui
1008 2458 1022 2518 †
1040 2452 1205 2526 Notingbus
1222 2453 1378 2509 Brixiensis
1394 2454 1549 2526 episcopus
1564 2456 1725 2530 subscripsi
1744 2475 1750 2514 τ

91 2557 181 2615 supra
196 2541 371 2611 cardinales,
382 2541 548 2610 decumani,
561 2542 662 2611 abbas,
674 2542 819 2611 monachi,
831 2544 917 2600 abba·
1008 2547 1022 2607 t
1040 2541 1130 2597 Gezzo
1150 2547 1255 2598 sancta
1280 2543 1466 2599 Dertouensis
1492 2545 1624 2601 Ecclesia
1639 2547 1796 2620 episcopus

91 2631 176 2699 tissa,
191 2634 220 2687 et
235 2628 388 2700 moniales,
405 2646 438 2686 ao
460 2646 562 2687 eorum
584 2646 778 2697 successores,
790 2632 834 2687 vel
850 2649 916 2688 suc·
972 2647 1061 2686 manu
1079 2631 1195 2702 propria
1210 2630 1384 2702 subscripsi.
1595 2637 1598 2645 ’

92 2719 223 2787 catrices,
250 2719 364 2776 unitum
389 2718 432 2775 vel
460 2718 630 2791 separatim,
645 2719 676 2774 in
698 2723 791 2775 totum
816 2721 860 2775 vel
885 2721 915 2776 in
1008 2719 1098 2790 †Ego
1113 2717 1281 2792 bruningus
1298 2719 1428 2774 Astensis
1450 2719 1605 2791 episcopus
1620 2719 1794 2794 subscripsi.

91 2814 215 2882 partem,
226 2809 318 2864 dictes
328 2807 547 2876 valles,curtes‚
557 2807 678 2875 casales,
690 2812 793 2878 terras,
805 2825 914 2878 servos,
1007 2811 1022 2873 t
1038 2807 1097 2879 Ego
1113 2807 1244 2862 Eieulius
1259 2806 1414 2879 episcopus
1430 2807 1621 2864 'laurinensis
1636 2808 1753 2866 laudavi
1767 2814 1796 2866 at

91 2898 228 2969 famulos,
238 2897 331 2953 aldios
342 2898 497 2968 utriusque
508 2914 605 2964 sexus,
616 2913 674 2952 non
686 2898 801 2969 possint
811 2898 915 2969 quovis
971 2895 1144 2967 subscripsi.

92 2989 178 3043 modo
195 2986 322 3042 alienare
337 2991 388 3041 aut
402 2986 544 3052 invasere,
554 2985 623 3056 quia
634 3001 699 3040 mea
713 2985 799 3041 iirma
813 2987 914 3042 volun·
1006 2989 1020 3050 t
1038 2984 1127 3039 Griilo
1143 2989 1333 3056 Augustanus
1348 2983 1503 3056 episcopus
1519 2985 1703 3057 subscripsit.

91 3082 136 3132 tas
147 3081 202 3142 est,
216 3075 293 3146 quod
307 3073 406 3129 omnia
418 3073 555 3146 pradicta
570 3073 718 3146 perpetuis
734 3075 915 3147 temporibus
1007 3078 1021 3137 †
1038 3073 1096 3144 Ego
1111 3071 1267 3144 Adalgisus
1289 3078 1395 3128 sancte
1424 3072 1569 3143 Aquensis
1585 3072 1717 3130 Ecclesia
1732 3073 1797 3146 epi·

92 3162 327 3237 permaneantad
337 3161 448 3217 cultum
458 3161 588 3216 divinum
599 3161 627 3217 in
639 3162 769 3234 requiem
781 3164 914 3219 omnium
929 3137 951 3205 C
970 3177 1076 3233 scopus
1092 3178 1138 3216 me
1153 3161 1325 3232 subscripsi.

93 3254 298 3309 defunctorum
314 3267 456 3308 meorum.
469 3250 534 3307 ldae
547 3254 710 3307 reverenter
720 3267 914 3324 rogovos,ve·
1007 3256 1021 3316 t
1039 3248 1128 3305 Mildo
1144 3248 1422 3321 Viugintimiliensis
1433 3248 1568 3306 Ecclesia
1580 3250 1734 3323 episcopus
1750 3251 1798 3307 tir-

93 3341 249 3413 nerabiles,
262 3344 345 3413 pater
357 3339 474 3394 domine
485 3338 711 3410 archiepiscope,
722 3343 751 3396 at
760 3357 862 3396 omnes
872 3357 915 3397 re·
971 3337 1072 3395 mavit.

95 3431 225 3486 sidentes
235 3429 265 3485 in
275 3428 331 3484 hac
342 3427 572 3498 sanctasynodo,
583 3431 616 3482 ut
627 3428 742 3499 ponatis
752 3444 918 3485 excommu-
1008 3434 1022 3495 †
1037 3428 1095 3499 Ego
1106 3427 1270 3500 Sigilredus
1280 3427 1446 3483 Parmensis
1457 3427 1611 3500 episcopus
1622 3428 1795 3501 subscripsi.

94 3518 308 3574 nicationemet
318 3516 680 3588 anathemesuperomnes
690 3517 740 3588 qui
752 3517 806 3573 boc
817 3533 916 3575 meum
1007 3521 1022 3583 †
1038 3520 1164 3573 Joannes
1179 3516 1379 3572 Messanensie
1395 3515 1551 3588 episcopus
1565 3515 1702 3572 firmavit.

86 3607 255 3681 Judicatum
269 3605 299 3661 in
315 3609 376 3661 toto
391 3604 436 3661 vel
454 3605 483 3659 in
499 3609 580 3676 parte
594 3603 772 3661 violaverint.
1007 3609 1022 3671 t
1038 3606 1097 3677 Ego
1112 3604 1294 3660 Aldemanue
1305 3608 1411 3661 sancta
1423 3603 1650 3662 Mediolanensis
1661 3604 1796 3664 Ecclesia

127 3696 187 3752 Hoc
197 3694 310 3764 audito,
321 3694 459 3751 dominus
470 3691 707 3766 archiepiscopus
718 3698 747 3750 et
761 3696 857 3751 omnis
872 3713 918 3770 sy·
971 3694 1205 3767 archipresbyter
1226 3693 1352 3762 laudavi,
1373 3698 1403 3749 et
1425 3694 1462 3748 ad
1486 3693 1665 3749 firmandum
1690 3711 1797 3752 manus

91 3785 187 3841 nodus
198 3800 233 3839 ex
242 3787 323 3856 parte
332 3782 420 3838 Deiet
430 3781 562 3838 omnium
570 3786 738 3838 sanctorum
749 3785 917 3842 anathema·
972 3784 1068 3856 posui.

89 3873 188 3929 tizavit
203 3873 371 3945 quicunque
395 3887 446 3943 per
468 3869 671 3942 qualecunque
696 3873 845 3944 ingenium
862 3873 917 3931 boc
1007 3875 1022 3937 i
1040 3869 1360 3942 Daipertasepiscopus
1373 3872 1479 3924 sancta
1490 3869 1694 3925 Cremonensis
1706 3870 1799 3927 Eccle-

85 3962 253 4035 judicatum
266 3958 442 4016 venerabilis
455 3958 546 4030 patris
562 3957 673 4013 domini
684 3961 799 4017 Attouis
811 3966 917 4018 sanctes
972 3959 1021 4017 siae
1037 3976 1125 4015 manu
1142 3975 1196 4014 sua
1211 3958 1346 4013 armavit.

89 4049 284 4107 vercellensis
297 4046 433 4104 Ecclesia
448 4046 576 4119 episcopi
589 4045 755 4116 violaverit;
772 4053 800 4105 et
815 4050 865 4122 qui
881 4051 920 4107 fe.
1009 4055 1023 4115 †
1040 4053 1098 4120 Ego
1114 4047 1203 4103 Baldo
1222 4047 1371 4103 (irriensis
1391 4044 1546 4119 episcopus
1561 4046 1734 4118 subscripsi.

89 4139 172 4208 cerit,
185 4140 298 4212 partem
312 4136 418 4192 babeat
428 4135 582 4191 cumJuda
595 4135 735 4192 traditore
750 4152 783 4193 ac
798 4137 918 4197 Simone
1009 4145 1023 4205 †
1041 4136 1212 4193 Asmundus
1227 4134 1431 4209 Eporediensis
1450 4135 1606 4209 episcopus
1627 4151 1716 4191 manu
1732 4150 1799 4191 mea

90 4244 176 4300 mago
192 4227 222 4283 in
246 4225 412 4299 gebennam
427 4227 578 4291 aternam,
592 4238 652 4279 una
678 4240 744 4280 cum
769 4228 876 4283 satana
891 4232 919 4284 et
973 4226 1097 4282 firmavi.

88 4315 215 4373 diabolis
230 4316 305 4385 ejus.
318 4313 352 4368 Et
374 4311 511 4368 dixerunt
535 4328 637 4369 omnes
659 4328 665 4368 :
688 4313 761 4383 Eiet,
778 4314 839 4386 fiat,
856 4316 917 4372 liat.
1011 4316 1101 4388 tEgo
1130 4314 1286 4371 Daibertus
1313 4313 1468 4387 episcopus
1500 4312 1637 4370 Albeneis
1669 4313 1798 4371 subscri-

88 4404 151 4469 Quo
166 4405 254 4473 iacto,
264 4403 328 4476 ipse
338 4404 406 4458 Atto
416 4400 571 4473 spiscopus
582 4400 656 4455 dixit
667 4417 674 4455 ε
686 4401 803 4472 Audita,
816 4419 918 4460 omnes
974 4405 1029 4478 psi.

87 4492 269 4551 venerabiles
284 4493 401 4559 Patrem
418 4488 465 4545 hio
489 4489 633 4560 disposui,
655 4505 719 4560 qua
740 4491 875 4562 judicare
889 4496 955 4567 etl)
1008 4499 1022 4561 †
1041 4493 1174 4565 ingulfus
1188 4491 1442 4565 Albengaunensis
1456 4491 1612 4563 episcopus
1625 4489 1761 4546 ssrmavit.

89 4582 245 4654 disponere
258 4579 339 4652 potui
354 4594 406 4651 pro
416 4577 595 4634 conscientia
611 4593 690 4647 mes;
708 4575 835 4650 reliquas
849 4597 915 4637 vero
1007 4587 1022 4649 †
1041 4583 1097 4654 Ego
1113 4583 1186 4637 Boso
1202 4581 1357 4653 episcopus
1371 4580 1559 4636 Placentinus
1574 4577 1747 4651 subscripsi.

90 4686 172 4726 meas
183 4669 377 4734 substantias,
388 4682 452 4737 qua
468 4664 540 4721 mihi
556 4667 643 4723 modo
658 4666 801 4739 pertinere
815 4669 914 4725 viden·
1008 4670 1206 4744 †EgoVuid0
1236 4669 1412 4726 Mutinensis
1440 4668 1596 4742 episcopus
1624 4666 1741 4723 laudavi
1771 4669 1798 4722 et

88 4765 148 4828 tur,
161 4757 261 4830 judico
277 4760 305 4812 et
319 4755 383 4828 lego
399 4755 659 4828 propinquioribus
674 4758 759 4824 meis,
771 4762 804 4813 ut
824 4759 858 4814 de
873 4758 927 4831 eis
971 4759 1144 4830 subscripsi.

87 4848 198 4905 iaciant
208 4845 350 4919 quidquid
360 4842 608 4913 voluerint,juxta
618 4843 841 4918 dispositionem
854 4863 915 4904 ma·
1007 4853 1022 4914 †
1040 4847 1193 4903 Lotherius
1209 4847 1403 4903 Marianensis
1414 4846 1549 4903 Ecclesia
1560 4846 1715 4918 episcopus
1730 4844 1798 4899 sub-

80 4938 183 5009 ]ornm
192 4951 304 5001 eorum,
314 4937 343 4990 et
353 4933 399 4988 lex
410 4932 602 5004 Langobarda
613 4931 751 5004 disponit.
762 4934 834 4990 Item
845 4952 915 5010 rogo
971 4935 1086 5007 scripsi.

88 5028 225 5082 sanctum
241 5027 353 5097 patrem
366 5020 561 5077 venerabilem
578 5036 697 5091 papam,
708 5026 737 5076 et
752 5022 916 5081 clementis·
1008 5028 1021 5088 †
1038 5022 1097 5094 Ego
1119 5022 1273 5094 Hupaldus
1297 5022 1420 5080 humilis
1436 5025 1527 5080 abbas
1552 5019 1666 5077 laudavi
1681 5023 1710 5074 et
1724 5017 1797 5073 sub·

88 5113 181 5170 simos
195 5112 330 5169 dominos
345 5127 427 5183 reges
447 5108 509 5164 suis
529 5105 637 5164 litteris
652 5107 706 5164 hoc
721 5125 820 5167 meum
832 5113 916 5182 J'udi·
970 5110 1084 5182 scripsi.

89 5206 189 5259 catum
204 5201 378 5257 confirmare
395 5199 563 5270 dignentur.
1005 5199 1094 5271 Signa
1106 5198 1130 5221 ··
1146 5198 1237 5271 (1692)
1253 5216 1394 5257 manuum
1411 5201 1542 5273 Hugonis
1561 5194 1750 5264 marchionis,
1767 5198 1796 5251 ct

125 5290 237 5354 Quibus
249 5287 368 5357 auditis,
380 5285 518 5342 dominus
530 5285 612 5357 liuga
628 5300 726 5340 comes
736 5288 765 5340 et
777 5286 915 5345 dominus
969 5286 1108 5345 Bracardi
1120 5287 1236 5345 comitis
1247 5291 1377 5346 advocati
1395 5289 1505 5362 praten
1516 5282 1689 5343 venerabilia
1704 5283 1796 5355 patris

87 5377 232 5450 Rogerius
243 5376 399 5449 episcopus
410 5373 493 5429 missi
503 5371 856 5444 praedicti,auctoritatcm
867 5377 917 5432 do·
969 5375 1081 5432 domini
1096 5375 1213 5432 Attonis
1228 5378 1368 5451 episcopi,
1379 5378 1429 5450 qui
1444 5377 1499 5432 hoe
1511 5373 1677 5446 judicatum
1693 5370 1795 5430 lauda-

87 5483 337 5622 orgtgfflssissupra,
353 5479 509 5539 oldericus.
524 5478 617 5557 (1692)
636 5479 782 5540 Astericos
805 5483 911 5561 posui;
936 5488 967 5543 at
991 5485 1021 5543 in
1046 5484 1145 5542 codice
1171 5488 1241 5542 sunt
1269 5484 1380 5543 lineola
1410 5483 1525 5541 directa
1554 5485 1582 5540 et
1609 5485 1795 5547 transverse,
