3908 6096
89 309 128 370 er
271 285 273 289 ’
515 309 567 370 nn
588 306 804 372 saussaius
824 301 1151 372 monueramus.
1166 307 1321 373 -mas
1341 284 1367 373 i.
1754 304 1793 373 es

92 438 136 497 dis
148 438 265 512 [placet.
281 439 488 499 Verumtamen
501 440 568 498 licet
582 457 784 514 perversorum
795 441 915 498 infesta·
930 441 958 508 Α
973 441 1090 514 propria
1102 441 1195 498 solum
1209 459 1298 499 manu
1312 440 1444 516 prestito
1457 444 1641 500 sacramento
1655 440 1793 499 omnibus

89 528 169 585 tione
184 529 215 585 in
231 530 391 602 primitiva]
419 531 549 586 Ecclesia
576 531 632 587 boc
659 531 722 587 ficri
750 531 912 604 potuisset3
970 530 1120 587 satisfecit.
1137 531 1278 588 Similiter
1292 536 1320 588 et
1334 532 1511 590 venerabilis
1526 548 1602 605 papa
1617 532 1686 603 Leo,
1697 547 1793 588 cuma

91 617 219 690 [nullum
230 623 329 676 tamen
340 619 516 692 exemplum]
527 620 556 676 in
568 624 717 693 posterum
729 619 854 693 relinqui
865 621 914 676 de·
968 621 1147 692 quibusdam
1162 620 1303 678 falsidicis
1319 623 1355 678 de
1369 621 1493 679 crimine
1507 623 1595 678 etiarn
1611 621 1791 692 fatigaretur,

89 707 166 763 buit.
183 709 246 773 Quo
260 709 368 765 etenim
384 715 484 766 sancto
501 709 635 777 concilio,
651 709 697 766 vel
717 711 801 780 cujus
817 708 915 764 cntbo·
968 706 1152 767 suo'tantum
1168 715 1310 783 purgatus
1325 716 1370 768 est
1388 716 1580 768 sacramento.
1597 711 1702 767 Beatus
1718 727 1792 784 quo-

88 796 139 853 lioi
149 801 179 854 et
189 798 310 870 apostoli
323 798 376 853 viri
387 799 502 855 decreto
522 799 668 856 sancitum
688 799 736 866 sit,
748 797 915 854 sacerdotes
968 814 1024 871 que
1036 799 1203 872 Gregorius,
1212 799 1385 857 universalis
1394 801 1635 874 pastorueclesie
1650 805 1680 856 et
1693 800 1723 856 in
1735 800 1794 857 dis-

88 885 140 942 Dei
152 902 170 942 a
180 887 350 942 criminibus
362 887 473 944 absolvi
486 904 546 943 non
558 904 653 961 posse,
665 888 722 944 nisi
734 888 914 943 confratrum
968 887 1112 944 cutiendis
1126 889 1309 945 sacerdotum
1321 889 1495 946 criminibus
1506 889 1715 964 sagacissimus
1726 906 1791 962 per·
1892 946 1898 967 ι

88 975 298 1046 satisfactione,
310 976 428 1048 penitus
439 977 621 1050 ignoramus.
642 978 714 1033 Cum
725 976 803 1032 enim
814 992 914 1032 sacra·
968 981 1122 1049 scrutator,
1134 977 1361 1050 quibuscunque
1378 982 1529 1035 accusatos
1544 978 1718 1035 criminibus
1726 983 1793 1052 post

88 1068 188 1118 menta
203 1065 342 1121 omnibus
365 1065 523 1122 interdicte
547 1066 607 1122 sint
630 1066 814 1132 Christianis,
830 1065 920 1120 valde·
967 1071 1063 1122 actam
1079 1067 1309 1122 satisfactionem
1324 1067 1404 1123 omni
1430 1067 1539 1124 bonore
1553 1067 1704 1125 habendos
1719 1085 1791 1125 con·

88 1152 284 1225 perniciosum
297 1159 343 1210 est
355 1157 522 1212 sacerdotes
544 1156 579 1211 ad
595 1156 656 1211 bac
670 1155 760 1210 etiam
775 1154 848 1210 alios
863 1169 914 1209 co·
967 1155 1147 1212 stantissime
1162 1155 1349 1228 predicabat.
1372 1157 1452 1220 Quod
1468 1157 1556 1213 etiam
1580 1157 1616 1214 de
1639 1158 1732 1214 Leone
1746 1172 1793 1212 ve·

87 1243 910 1318 gers,undetameecustodire,quametaliosdebue·
967 1244 1090 1299 nerabili
1119 1245 1266 1319 episcopo,
1297 1250 1325 1301 et
1352 1250 1456 1301 bienna
1484 1261 1595 1302 necnon
1620 1246 1790 1303 etblaximo

86 1336 296 1404 rantarguerc.
307 1334 355 1389 Ait
366 1335 506 1390 Dominus
526 1334 556 1390 in
568 1333 721 1406 Evangelio
732 1350 738 1387 :
751 1334 804 1404 Epo
818 1340 914 1389 cutem
967 1332 1136 1389 Salonitano
1155 1335 1291 1407 episcopo
1307 1333 1409 1391 multis
1432 1334 1606 1390 criminibus
1628 1336 1706 1408 apud
1722 1351 1790 1391 eum

85 1405 244 1489 ἀίἑουοὺίε,
265 1437 321 1479 non
349 1423 444 1491 iurare
470 1425 583 1479 omnino
612 1422 715 1494 (lfaltb.
746 1440 775 1491 v,
807 1422 913 1492 sitiit
966 1426 1112 1490 accusato,
1129 1424 1299 1496 caeterisque
1315 1423 1516 1497 compluribus
1531 1423 1742 1491 sacerdotibus,
1759 1425 1789 1480 in

86 1509 215 1566 Jacobue
230 1510 381 1582 apostolus
407 1516 624 1568 sacramentum
649 1510 805 1584 perhibens
821 1509 911 1566 dicit:
965 1511 1081 1584 paginis
1097 1512 1143 1568 sui
1159 1512 1275 1585 registri
1290 1512 1473 1568 lucidissime
1499 1512 1713 1585 conspeximus.
1736 1513 1792 1568 Vs·

85 1599 156 1656 Acte
169 1601 274 1666 omnia,
287 1603 390 1672 fratres
406 1603 471 1669 md,
494 1603 581 1657 nolite
602 1602 703 1673 jurare
725 1601 797 1672 (lac.
811 1616 839 1669 v,
856 1599 910 1671 12).
965 1606 1133 1657 rumtamen
1145 1601 1170 1657 si
1182 1601 1370 1658 sacerdotalis
1382 1605 1478 1658 status
1485 1601 1570 1673 juxta
1579 1616 1735 1674 pravorum
1748 1617 1794 1657 ex·

86 1689 121 1744 lit
132 1689 285 1746 Cornelius
309 1706 384 1762 papa
408 1690 451 1746 ait
473 1692 562 1762 (epist
577 1693 624 1758 2):
651 1712 665 1740 «ι
688 1689 912 1745 Sacramentum
942 1756 945 1763 Ι
966 1689 1133 1761 quireretur
1146 1691 1204 1763 (34)
1218 1691 1408 1758 voluntatem,
1431 1691 1552 1764 actrix,
1568 1689 1732 1748 autnullus
1748 1689 1793 1746 in-

85 1778 229 1835 bactanus
242 1796 261 1835 s
275 1779 402 1836 summis
412 1780 614 1835 sacerdotibus
624 1779 710 1851 exigi,
722 1777 780 1834 nisi
790 1795 842 1851 pro
854 1778 910 1834 flds
927 1813 952 1878 B
967 1779 1114 1836 veniretur
1128 1780 1275 1836 sacerdos.

86 1872 165 1925 recta
178 1869 300 1926 minime
314 1871 515 1942 cognovimus,
533 1885 586 1925 nco
610 1873 714 1942 sponte
735 1885 785 1925 eos
796 1869 914 1939 jurasse
1002 1868 1119 1925 Addunt
1130 1870 1262 1942 insuper,
1274 1869 1413 1943 quoniam
1427 1870 1453 1926 si
1473 1869 1580 1941 aliquis
1598 1869 1727 1925 militum
1743 1887 1793 1926 sa·

83 1958 257 2030 reperimus.
270 1980 285 2011 a
297 1959 352 2015 Sed
364 1963 394 2015 et
405 1959 473 2031 quis
484 1959 605 2015 adverso
613 1957 756 2031 principe,
761 1957 913 2029 judicibus
967 1958 1158 2014 cerdotesDei
1169 1957 1332 2014 incrimine
1350 1957 1520 2031 pulsaverit,
1531 1975 1583 2030 per
1599 1975 1727 2032 pugnam
1738 1959 1794 2015 hoc

86 2063 204 2118 quoque
218 2047 344 2116 infestis,
365 2052 455 2103 testes
480 2064 580 2103 secum
605 2047 767 2102 conducere
786 2044 863 2101 valet
876 2044 911 2100 ad
967 2045 1109 2117 singulari
1119 2045 1278 2102 certamine
1286 2062 1349 2101 esse
1359 2046 1568 2102 dicernendum
1578 2046 1645 2117 (35),
1654 2047 1705 2102 sed
1713 2046 1793 2102 istud

85 2136 500 2209 causamfNunquidJosepb
524 2135 913 2191 mentientidominatestes
963 2134 1110 2207 judicium
1137 2135 1333 2206 quorumdam
1360 2133 1501 2190 laicorum
1528 2133 1713 2190 solummodo
1738 2137 1792 2203 est,

86 2241 232 2298 opponere
251 2226 356 2297 poluit,
374 2241 410 2281 ne
425 2226 550 2282 carceris
566 2228 690 2281 sentiret
708 2223 847 2293 injuriam
861 2225 873 2278 i
885 2225 914 2279 et
967 2224 1045 2296 quod
1056 2239 1107 2279 nec
1117 2222 1192 2296 ipsis
1201 2223 1290 2279 etiam
1301 2223 1421 2278 omnino
1432 2222 1621 2295 approbatur.
1630 2221 1704 2279 Nam
1715 2239 1792 2296 sepe

87 2318 185 2369 umen
196 2315 298 2385 justus
313 2314 452 2369 inventus
468 2318 521 2369 est.
548 2313 660 2369 carceri
686 2312 805 2384 quidem
819 2302 914 2383 potuit
966 2313 1138 2369 innocentes
1160 2311 1240 2380 victi,
1263 2315 1400 2368 nocentes
1418 2328 1485 2367 vero
1495 2309 1619 2367 victores
1635 2309 1666 2367 in
1677 2310 1727 2367 tali
1740 2312 1793 2383 ju·

88 2383 259 2475 mancipari,
270 2403 321 2459 sed
329 2407 428 2458 temen
436 2401 553 2458 crimini
561 2401 643 2458 nullo
653 2402 740 2458 modo
748 2400 912 2473 subjugari.
967 2399 1042 2457 dicio
1058 2415 1122 2456 esse
1135 2400 1282 2456 videntur.
1300 2401 1374 2456 Dicit
1396 2400 1475 2456 enim
1497 2398 1601 2456 beatus
1616 2400 1791 2472 Gregorius:

88 2489 287 2548 Volueruntne
310 2491 471 2548 Nabuthae
496 2495 586 2548 testes
609 2507 788 2557 succurrere,
805 2488 913 2545 cumei
968 2487 1792 2561 Quisintelligatqueesseratiosecretorumpotest,quod

88 2560 178 2652 regali
189 2580 310 2636 avaritia
320 2580 419 2637 dolose
429 2581 577 2652 abjectum
592 2581 641 2650 sit,
655 2581 733 2652 quod
745 2579 913 2635 maledixis-
968 2595 1043 2650 sape
1054 2578 1098 2633 vir
1103 2579 1204 2648 justus
1217 2595 1234 2634 a
1249 2577 1361 2650 judicio
1379 2595 1437 2635 non
1450 2576 1544 2634 solum
1555 2576 1730 2646 vindicatus,
1742 2578 1793 2636 sed

87 2672 131 2725 eet
147 2673 203 2725 Deo
217 2674 247 2726 et
268 2669 353 2742 rsgif
372 2671 415 2725 An
439 2671 542 2726 beatus
567 2686 643 2743 papa
667 2669 807 2726 Silverins
822 2672 914 2725 testes
968 2666 1056 2723 etiem
1072 2667 1195 2740 punitus
1210 2667 1326 2735 redeat;
1343 2672 1372 2724 et
1393 2666 1514 2739 iniquus
1528 2668 1593 2738 ejus
1608 2667 1793 2723 sdversarius

85 2759 247 2814 conducere
259 2763 381 2830 poterat,
393 2759 443 2831 qui
455 2759 623 2831 principum
641 2759 775 2829 factione,
788 2773 822 2813 eo
836 2757 912 2829 quod
967 2772 1024 2812 non
1041 2754 1138 2812 solum
1154 2773 1211 2812 non
1225 2756 1358 2827 punitur,
1374 2756 1425 2812 sed
1440 2756 1528 2812 etiam
1538 2756 1630 2812 metor
1642 2754 1791 2811 abscedat.

85 2846 289 2904 nollelsorum
302 2848 399 2921 pravis
409 2849 526 2905 obedire
542 2848 703 2914 mandatis,
717 2846 789 2902 falm
799 2847 835 2902 de
847 2863 913 2918 pro·
967 2846 1002 2901 lit
1018 2844 1160 2901 Dominus
1174 2845 1204 2900 in
1220 2843 1385 2918 Evangelio.
1402 2844 1521 2901 Diabolo
1532 2843 1588 2900 eibi
1600 2843 1746 2910 suadenti,
1759 2849 1792 2900 nt

85 2933 196 2991 ditione
206 2951 328 2991 suorum
338 2935 514 3002 concivium,
525 2934 647 3008 insuper
656 2935 825 3006 clipeorum
835 2934 914 3006 prin·
966 2932 1016 2989 Dei
1028 2932 1133 2989 Filium
1146 2949 1177 2990 se
1187 2949 1251 2989 esse
1262 2934 1297 2989 de
1308 2932 1408 3006 templi
1426 2933 1632 3007 precipitando
1643 2933 1733 3006 pinna
1744 2950 1790 2989 os-

84 3022 183 3094 oipum
192 3030 348 3081 accusatus
359 3023 542 3090 infidelitate,
555 3040 622 3081 mox
633 3022 728 3079 exsilii
739 3024 913 3096 poenadam·
965 3021 1108 3091 tenderet,
1124 3021 1181 3077 ait:
1200 3023 1341 3096 Scriptum
1365 3027 1422 3079 est:
1438 3023 1497 3079 Non
1515 3021 1631 3078 mutabis
1646 3022 1792 3079 Dominam

84 3115 236 3180 natusest,
260 3113 312 3169 sed
337 3112 447 3184 inique.
463 3112 564 3168 llxeilii
580 3113 699 3184 quidem
715 3127 831 3183 poenam
843 3111 909 3166 ideo
965 3110 1689 3183 Dasminum(lloltb.1v,d).lnquatumcxemplo,
1702 3126 1790 3182 quem

83 3199 186 3265 subiit,
197 3202 268 3272 quia
277 3218 296 3256 a
304 3200 424 3272 justitie
437 3216 470 3255 ec
480 3201 557 3255 linea
579 3216 638 3256 non
663 3199 789 3254 retorsit.
800 3203 909 3253 Tamen
924 3183 945 3251 G
964 3199 1060 3254 verbis
1074 3198 1183 3268 docuit,
1199 3214 1235 3254 ne
1245 3198 1370 3269 alicujus
1384 3198 1506 3270 periculi
1520 3197 1691 3254 discrimina
1706 3198 1792 3254 nobis

82 3287 107 3344 ei
123 3287 236 3344 oufboc
246 3288 380 3359 ignotum
391 3288 490 3356 fuerit,
508 3287 604 3358 ipsius
624 3291 707 3342 actus
719 3285 803 3341 lectio
815 3284 911 3358 pleni·
966 3286 1131 3358 eligamus,
1149 3288 1285 3359 quemvis
1303 3287 1340 3344 ab
1354 3288 1485 3359 ejusdem
1507 3288 1618 3344 Satana
1629 3285 1699 3344 fillis
1714 3286 1792 3344 mul-

80 3378 129 3433 ter
142 3375 273 3431 indicare
286 3375 404 3431 valebit.
965 3375 1124 3431 tumeliam
1136 3374 1249 3443 afflicti,
1260 3375 1406 3450 bocagere
1415 3374 1791 3449 hodiequacompellamur,

118 3462 205 3519 Multi
220 3465 309 3519 etiarn
324 3462 375 3519 alii
389 3462 483 3518 sencti
499 3465 599 3518 Patres
618 3467 678 3518 tam
694 3461 807 3518 Veteris
822 3477 911 3534 quam
965 3464 1083 3537 eoquod
1093 3479 1198 3536 eaque
1210 3463 1374 3521 dicimnsse
1386 3464 1794 3538 minimecrederealiterpos·

83 3553 154 3609 Novi
170 3551 351 3608 Testamenti
374 3550 501 3607 falsitate
521 3551 663 3620 damnati,
689 3552 726 3607 ab
741 3549 912 3608 infidelibus
965 3569 996 3609 ee
1010 3556 1162 3610 testentur.
1180 3552 1280 3610 Simile
1294 3570 1361 3610 vero
1377 3569 1411 3610 ea
1433 3553 1463 3610 in
1488 3569 1574 3611 cruce
1588 3553 1683 3627 posito
1697 3554 1792 3612 iudai

84 3642 199 3697 diversa
213 3640 398 3713 pertulerunt
422 3643 579 3712 tormenta,
603 3641 713 3711 quibus
737 3656 791 3696 nec
807 3644 909 3708 testes,
964 3641 1119 3698 dicebant:
1136 3641 1386 3711 sortiremini,
1407 3642 1640 3701 decemuiratus
1654 3643 1687 3700 dc
1699 3661 1791 3714 cruce,

83 3744 136 3786 nec
150 3730 319 3785 defensores
333 3729 498 3796 adfuerant,
516 3729 566 3801 qui
591 3728 650 3786 illis
675 3727 794 3801 aliquod
809 3729 910 3785 defen·
966 3738 992 3786 rt
1004 3731 1140 3787 credimus
1160 3734 1196 3787 ei.
1223 3732 1348 3801 Confidit
1370 3733 1401 3787 in
1424 3733 1487 3802 Dec,
1504 3733 1602 3790 liberet
1616 3748 1678 3790 eum
1691 3735 1718 3789 ei
1731 3735 1792 3790 vall

82 3818 169 3874 dandi
193 3823 330 3890 prestare
352 3819 525 3876 viderentur
551 3817 737 3889 suffragium.
768 3818 824 3873 Sed
840 3817 910 3890 quid
965 3820 1069 3891 (ncta.
1084 3837 1171 3891 xxvii,
1188 3820 1244 3893 ll).
1261 3820 1342 3884 Quod
1361 3820 1504 3877 Dominus
1515 3822 1651 3894 quamvis
1663 3839 1721 3879 non
1734 3822 1792 3878 irn-

83 3905 257 3979 pluraflpsi
268 3922 396 3979 namque
405 3907 498 3964 saneti
506 3905 630 3978 apostoli
641 3906 813 3961 imminente
822 3923 910 3978 pres·
965 3907 1094 3981 pleverit,
1111 3925 1264 3979 nunquam
1274 3911 1372 3965 tamen
1385 3908 1476 3966 Filius
1487 3909 1537 3965 Dei
1545 3925 1609 3966 esse
1619 3910 1721 3968 desiit:
1733 3927 1791 3967 non

83 4011 166 4061 sure,
176 3995 275 4052 relicto
290 3995 414 4052 Domino
435 3996 585 4067 fugerunt.
597 3994 736 4066 Nunquid
748 3995 812 4051 ideo
823 4010 911 4050 excu·
964 3996 1043 4051 anim
1054 3996 1196 4051 Dominus
1211 3997 1309 4052 omnin
1324 4014 1378 4053 suo
1395 3995 1790 4068 presentijudiciodoclarat,

82 4083 196 4140 sendus
208 4088 253 4141 est
262 4084 385 4152 Pilatus,
397 4084 442 4140 vel
453 4083 580 4157 populus
598 4084 781 4152 ludaeorum,
795 4083 866 4156 quia
877 4099 910 4139 ee
965 4084 1015 4140 sed
1026 4088 1175 4156 exspectat
1186 4084 1274 4139 etiam
1284 4083 1412 4155 plurima
1422 4084 1452 4138 in
1463 4085 1606 4155 futurum,
1619 4083 1669 4139 ubi
1680 4082 1791 4139 illumi-

82 4177 321 4230 eecasatotestes
332 4190 350 4229 a
362 4174 470 4245 quibus
489 4172 799 4230 absolvereturomnio
809 4171 909 4228 defue·
965 4170 1793 4241 nabitebsconditatenebrarum,etmanifestabitconsilia

81 4267 160 4332 rent,
175 4263 226 4318 sed
242 4266 410 4330 accusatus,
427 4262 479 4318 sed
490 4262 654 4334 judicatus,
670 4262 720 4317 ead
734 4261 911 4318 condemna·
965 4261 1234 4319 cordium.0cculto
1244 4262 1430 4334 namqueDei
1437 4261 1790 4335 judicicJacobusablie-

80 4352 373 4422 tus‚justueetsine
393 4350 460 4408 dolo
485 4350 621 4406 inventus
646 4350 713 4407 esti
736 4349 911 4423 Plerumque
965 4352 1034 4408 rode
1062 4351 1302 4424 comprehensus,
1335 4349 1412 4408 illico
1440 4350 1603 4421 occiditur;
1632 4354 1661 4407 et
1688 4351 1790 4409 Petrus

80 4438 159 4496 enirn
176 4442 341 4498 seeundum
356 4442 477 4498 beatum
501 4439 676 4513 Gregorium
696 4438 757 4513 (lib.
773 4457 840 4496 xxxi
855 4440 911 4496 llo·
964 4443 1032 4514 poet
1047 4439 1160 4497 Pascha
1173 4441 1392 4512 producendus,
1416 4445 1445 4497 et
1470 4439 1500 4496 fn
1530 4455 1645 4497 carcere
1658 4444 1791 4497 servatus

79 4531 146 4599 nl,
160 4546 225 4602 cap.
239 4530 297 4603 23),
308 4530 500 4603 quietiatque
525 4529 685 4585 indiscussi
705 4528 910 4602 relinquimur,
927 4544 951 4610 D
966 4527 1139 4585 mirabiliter
1153 4528 1263 4586 interea
1290 4524 1441 4598 liberatur,
1468 4546 1535 4586 cum
1562 4545 1652 4586 unam
1668 4532 1790 4602 uterque

80 4617 233 4676 eiobvisre
243 4619 340 4692 pravis
358 4635 412 4692 pro
428 4618 548 4691 justitia
560 4635 618 4675 non
629 4634 778 4675 curamus.
790 4620 872 4686 Quod
888 4628 913 4683 ei
969 4619 1131 4675 doctrinam
1147 4619 1249 4675 eadem
1265 4618 1439 4685 constantis,
1464 4619 1519 4674 sub
1542 4634 1601 4674 uno
1617 4617 1747 4690 principe
1762 4623 1791 4674 et

80 4704 202 4764 illerum
218 4709 393 4781 redarguere
408 4706 570 4781 nequitiam
586 4707 771 4780 ooeperimus,
785 4707 864 4763 illico
874 4709 910 4766 ab
964 4712 1096 4781 tempore
1108 4707 1324 4780 evangelizasse
1337 4711 1505 4764 noscantur.
1518 4706 1659 4763 Similiter
1668 4705 1790 4763 etUrias

78 4795 152 4868 ipsis
166 4798 385 4870 persequimur,
399 4801 427 4853 et
440 4797 530 4853 etiam
546 4796 737 4868 infamamur,
753 4800 788 4851 ut
800 4795 846 4853 vel
862 4797 905 4852 sie
964 4796 1059 4853 Semel
1074 4796 1154 4851 illius
1182 4795 1280 4864 cadit;
1310 4794 1457 4869 simulque
1480 4796 1624 4853 ieremias
1651 4797 1682 4851 in
1705 4800 1789 4853 Jeru-

77 4884 169 4941 vitam
180 4887 364 4958 reprobando
374 4886 513 4955 doctoris,
522 4884 639 4942 valeant
648 4899 833 4957 compescere
845 4900 907 4940 ser·
961 4884 1052 4942 selem
1069 4884 1258 4958 prophetans,
1272 4890 1339 4956 poet
1353 4885 1453 4959 fugam
1474 4901 1509 4942 cx
1532 4885 1653 4958 AEgvpto
1667 4884 1789 4957 insuper

78 4989 195 5031 monem
209 4974 413 5047 correptionis.
960 4977 1104 5030 retractus
1121 4972 1315 5042 interficitur3
1331 4977 1360 5030 et
1372 4974 1518 5030 ieremias
1533 4973 1606 5029 inibi
1621 4973 1709 5029 etiam
1725 4987 1788 5044 per·

111 5064 179 5135 Sed,
195 5067 230 5120 ut
243 5064 279 5121 ad
294 5065 412 5136 incepta
426 5064 592 5130 redeamus,
605 5062 721 5118 nullum
735 5065 904 5119 sanctorum
960 5061 1069 5118 sistens
1080 5066 1279 5118 conservatur.
1288 5063 1522 5136 Beatusquoqus
1533 5061 1709 5119 Laurentius
1718 5060 1787 5132 igne

77 5151 198 5209 Petrum
212 5154 276 5225 [pro
291 5169 322 5210 se
337 5143 374 5208 ed
397 5160 613 5209 sacramentum
639 5151 713 5209 alios
728 5151 905 5223 protraxisse
959 5156 1091 5222 exustus,
1107 5150 1222 5208 Christo
1233 5151 1360 5208 reddidit
1371 5151 1508 5225 spiritum
1519 5170 1526 5220 ;
1539 5167 1606 5207 cum
1619 5147 1786 5205 noverimus

73 5244 120 5301 vel
147 5245 290 5302 invitasse
323 5243 483 5317 aliquando
510 5242 649 5316 legimus.
671 5242 904 5314 Namdomnue]
959 5240 1047 5296 etiam
1062 5239 1211 5309 mulieres,
1226 5245 1255 5297 et
1269 5240 1407 5314 parvulos
1422 5241 1517 5315 ipsius
1539 5235 1741 5311 confessionis,
1757 5242 1786 5296 et

76 5348 155 5407 pepe
174 5333 310 5407 Pelagius
334 5332 469 5405 quamvis
492 5346 550 5387 non
566 5331 663 5388 solum
678 5331 785 5400 invide,
801 5347 901 5387 verum
957 5329 1026 5386 [idei
1037 5327 1130 5385 multo
1141 5330 1245 5401 majori
1256 5329 1317 5403 igni
1328 5329 1487 5396 immissos,
1501 5326 1784 5384 nontantumabin-

75 5426 106 5478 et
122 5422 287 5495 suspiciose
317 5422 504 5495 [quibusdem
533 5419 731 5476 eminentibus
759 5420 858 5477 causis
872 5421 902 5476 in
957 5414 1784 5491 cendioillesospermansisee,sedetiamflammaimpe-

78 5509 902 5584 mortslpmedeeessorissuieeimmiseuisseaccusaretur,
956 5504 1785 5581 tumpenitusexstinxissePrecursoretenimDominiJo-

111 5602 169 5675 (al)
183 5602 391 5675 Deeeirerelur.
407 5599 503 5659 Codex
518 5600 605 5658 ilesb.
622 5605 824 5672 assequeretur.
991 5600 1047 5672 (35)
1063 5599 1286 5657 veremendum.
1302 5597 1382 5654 Idem
1398 5594 1496 5666 codex,
1512 5593 1726 5654 discutiendum.
