3922 6098
155 275 194 358 θ’)
666 284 837 348 sarcias
858 279 1153 347 vaacnnnlarlffls
1175 283 1353 368 ariscorl
1822 291 1862 351 68

155 428 309 498 linquentes
323 428 415 479 antem
442 436 538 479 coram
565 418 693 476 omnibns
718 432 808 490 crpus
834 418 865 471 nt
885 417 980 471 caeteri
995 417 1024 483 Α
1038 414 1176 470 adversus
1188 414 1389 471 auctoritatem
1402 413 1512 487 proprii
1540 413 1670 488 episcopi
1699 418 1861 490 contrajac

157 520 259 573 mnam
273 512 390 569 habeant
419 513 441 584 (l
472 511 539 566 Tim.
567 526 596 576 v,
624 507 679 576 19).
706 506 769 561 Non
793 505 871 561 enim
897 503 981 560 facile
1037 503 1093 575 (43)
1104 503 1286 561 defendatur.
1299 503 1547 576 Tunocpiscopali
1561 505 1794 578 suggestione,!si
1809 526 1859 566 ng.

154 604 234 662 credi
247 602 334 660 debet
347 601 384 656 de
398 599 544 673 episcopo,
573 596 618 653 vel
646 595 825 669 presbytero,
853 610 978 665 quorum
1034 591 1221 658 casaemarii,
1233 591 1545 665 principiaveIJndicis
1560 593 1669 652 auxilio
1680 596 1858 657 tandiutalis

154 695 225 751 ordo
239 691 336 754 adhuc
349 688 461 746 divisus
475 703 533 743 non
550 689 623 751 erat,
638 683 772 757 quamvis
800 682 844 738 eis
867 681 978 738 crimen
1033 681 1254 753 persequendus
1269 681 1334 751 orit,
1352 681 1443 738 donec
1457 681 1665 739 ecclesiasticis
1680 688 1725 740 vel
1747 684 1857 745 invitus

154 781 320 855 objiciatur,
336 777 394 834 nisi
409 776 566 850 probetur;
583 773 652 846 quia
666 773 846 829 sacerdotem
866 769 978 825 nemini
1033 770 1128 825 discat
1143 770 1251 843 regulis
1267 769 1393 826 obedire.

153 866 379 933 damnarelicet,
389 864 445 920 nisi
457 865 619 936 anteponis
631 862 809 925 contessum,
821 863 871 916 aui
882 856 977 931 legiti·
1066 859 1273 915 Accusationis
1289 863 1386 915 autem
1397 875 1498 915 eorum
1515 876 1573 916 non
1589 860 1673 917 aliter
1696 861 1855 935 inquirere,

154 958 211 1014 mis
223 956 347 1014 testibus
356 950 735 1022 canonicecomprobatum.
746 949 856 1005 Tamen
870 947 895 1003 si
904 945 977 1020 legi·
1030 946 1212 1019 veljudioare
1222 948 1306 1004 laicis
1316 949 1552 1020 presumendum
1566 950 1681 1012 estnisi
1695 952 1731 1007 ab
1742 955 1853 1025 cpisco-

152 1046 224 1102 timc
234 1043 390 1117 probatum
397 1039 441 1097 vel
448 1038 638 1096 manifestum
648 1038 736 1095 inerit
744 1037 820 1108 quod
827 1036 975 1106 objectum
1029 1036 1076 1108 pis
1085 1036 1255 1105 invitentur,
1268 1038 1303 1093 ad
1319 1054 1444 1110 quorum
1456 1037 1517 1094 baec
1528 1039 1694 1111 parochiam
1706 1043 1853 1113 pertinere

151 1137 206 1199 cst,
223 1130 338 1204 publice
352 1134 397 1186 est
419 1129 599 1201 arguendus,
630 1133 663 1184 ut
689 1125 785 1183 caeteri
799 1129 973 1182 terreantur.
1027 1125 1174 1182 videntur.
1192 1127 1241 1182 Ait
1255 1126 1334 1182 enim
1349 1126 1452 1183 beatus
1466 1125 1575 1183 Paulus
1587 1127 1758 1200 apostolus:
1775 1132 1809 1187 lii
1821 1140 1854 1188 tn

50 1265 63 1276 ,
151 1222 222 1279 Cum
233 1220 312 1277 enim
323 1219 422 1275 vident
433 1221 550 1274 tantum
561 1216 656 1273 virum
667 1215 774 1273 erroris
789 1214 972 1271 causaeorri-
1029 1216 1143 1285 quises,
1168 1218 1217 1288 qni
1240 1215 1354 1287 judicas
1377 1215 1502 1271 alienam
1522 1216 1651 1272 servum?
1679 1221 1853 1276 suoDomino

54 1350 56 1355 ,
151 1311 190 1384 pi,
207 1324 325 1366 necesse
340 1313 386 1363 est
402 1311 433 1363 ut
449 1305 553 1379 reliqui
569 1305 625 1362 sibi
641 1309 770 1361 caveant.
795 1303 870 1359 lllud
885 1303 973 1360 etiam
1027 1307 1081 1359 stat
1091 1308 1139 1359 aot
1152 1305 1225 1361 cadit
1238 1304 1325 1376 (Rom.
1337 1322 1394 1376 arv,
1411 1305 1449 1376 4).
1465 1304 1619 1361 Saecularis
1633 1310 1731 1363 tamen
1748 1324 1764 1363 e
1779 1324 1851 1365 con-

149 1399 235 1474 plane
246 1395 457 1454 attendendum
468 1395 601 1469 estquod
613 1393 974 1465 Dominnsaitinilvange·
1026 1394 1072 1449 tra
1087 1397 1225 1465 potestas,
1243 1393 1320 1465 quod
1335 1391 1533 1462 lamentabile,
1563 1392 1747 1452 multimodis
1761 1397 1851 1455 occla-

147 1487 187 1546 lio
201 1487 309 1544 :Nolite
328 1493 392 1542 ante
406 1488 512 1557 tempus
522 1484 662 1555 judicare,
680 1482 768 1555 quood
782 1498 867 1554 usqae
878 1483 974 1538 veniat
1027 1480 1331 1538 siasticaminterdum
1341 1482 1849 1558 supprimitauoloritatem:etcujus

146 1577 291 1643 Dominus,
306 1577 355 1650 qai
367 1581 393 1631 et
407 1573 584 1630 illuminabit
604 1571 769 1630 abscondita
794 1573 973 1629 tenebrarum
1026 1569 1169 1627 subsidiis
1177 1571 1317 1636 debuerat
1331 1571 1448 1641 elevari,
1465 1571 1529 1642 ejus
1540 1571 1614 1629 solet
1623 1573 1850 1633 adversitatibus

147 1662 636 1738 etmanifestabitconsitiacordinm
663 1662 688 1734 (l
701 1662 761 1718 Cor.
793 1677 830 1731 rv,
846 1659 883 1733 5).
907 1660 970 1715 Non
1026 1658 1127 1732 afiligi.
1145 1661 1179 1716 Et
1194 1660 1271 1716 sicut
1286 1659 1470 1717 inelectione
1493 1659 1653 1733 praesulum
1682 1678 1737 1720 sua
1752 1663 1850 1736 potius

147 1755 226 1811 enim
243 1758 338 1827 potest
353 1753 482 1809 humano
497 1751 684 1807 condemnari
714 1749 857 1818 examine,
882 1765 970 1821 quem
985 1792 1009 1858 B
1024 1751 1102 1817 vota,
1118 1764 1207 1820 qnam
1223 1754 1393 1806 sanctorum
1408 1749 1526 1806 Petrum
1541 1749 1677 1807 instituta
1700 1752 1849 1826 principes

145 1844 224 1900 Deus
240 1860 293 1899 suo
324 1841 481 1899 reservavit
501 1840 625 1912 judicio.
653 1838 865 1897 Constantinus
879 1839 968 1895 etiam
1024 1836 1847 1915 ssrmarecontendunt,itaetinaudiendaveljudicando,

84 1941 89 1948 '
145 1931 540 2002 sanctissimusimperator,
570 1945 637 1985 cum
666 1927 696 1983 in
725 1927 968 2000 Nicaenaspnodo
1024 1926 1848 2003 seuctiamejiciendotamipsosquamilliscommissos,

145 2020 295 2094 querelam
312 2019 508 2091 quorumdam
524 2017 728 2090 episcoporum
740 2032 838 2071 coram
849 2031 880 2071 se
893 2015 969 2072 dela·
1024 2016 1184 2087 contrajus
1196 2032 1342 2072 canonum
1351 2033 1410 2071 suae
1417 2005 1576 2088 peremnia
1586 2018 1847 2090 queruntsatisia·

144 2115 207 2167 tam
222 2108 413 2179 conspiceret,
429 2107 488 2163 ait:
505 2107 564 2162 Vos
579 2123 596 2162 a
609 2105 726 2161 nemine
744 2105 870 2177 judicari
886 2109 967 2178 pole·
1023 2120 1087 2160 rere
1098 2103 1254 2162 voluntati.
1271 2106 1306 2160 Et
1320 2105 1485 2161 secundum
1500 2108 1847 2179 perversorumjudicum

28 2256 34 2265 ,
143 2199 208 2267 stis,
234 2198 304 2271 quia
318 2195 410 2253 solius
424 2194 475 2251 Dei
485 2193 598 2266 judicio
613 2193 812 2250 reservamini.
829 2193 873 2248 Dii
888 2194 966 2249 enirn
1023 2193 1198 2249 sententiam
1210 2209 1261 2249 nec
1276 2192 1362 2266 culpa
1377 2193 1500 2250 retrahit
1529 2193 1657 2267 aliquem
1686 2195 1849 2253 aculmine

142 2281 966 2356 voeatiestie,idcirconcnpotestisabhominibusjudi·
1023 2281 1848 2355 regiminis‚necregimenullumexcusatabaccusationa

142 2375 213 2432 cari.
225 2375 307 2440 Quod
318 2378 347 2430 et
357 2371 499 2429 Dominus
510 2371 539 2427 in
551 2371 649 2427 Exodo
664 2371 821 2427 ostendens
837 2371 878 2426 ait
891 2387 897 2426 :
911 2371 967 2426 Diis
1022 2369 1149 2443 alicujus
1164 2371 1306 2427 criminis.
1323 2371 1405 2435 Quod
1421 2369 1541 2428 viriliter
1569 2372 1672 2429 beatus
1690 2372 1848 2431 Anacletus

138 2463 330 2531 nedetralroi,
359 2467 386 2518 et
413 2462 538 2534 principi
560 2460 661 2533 populi
689 2459 731 2515 ini
758 2475 793 2516 nc
816 2459 967 2516 maledicas
1021 2475 1098 2531 papa
1113 2461 1315 2517 contradicens
1330 2459 1390 2516 ait:
1408 2459 1584 2517 Electionem
1599 2477 1786 2518 summorum
1802 2478 1848 2520 aa·

123 2552 235 2624 ,licei
252 2568 321 2623 xxa,
337 2551 394 2620 28).
418 2550 453 2605 lit
467 2550 570 2605 beatus
586 2546 743 2621 Gregorius
758 2547 966 2619 imperatorem
1021 2548 1173 2604 cerintum
1189 2548 1245 2605 sibi
1263 2549 1402 2604 Dominus
1412 2549 1579 2618 reservavit,
1593 2547 1660 2605 licei
1674 2549 1847 2607 electionem

139 2637 572 2698 Mauriciuminhoclaudans
599 2637 641 2693 ait
670 2636 719 2704 (lib
748 2652 779 2703 rr,
804 2637 963 2709 epictiti:
1021 2652 1123 2693 eorum
1139 2637 1225 2694 bonis
1239 2637 1441 2694 sacerdotibus
1457 2642 1485 2694 el
1512 2637 1715 2711 spiritualibus
1731 2639 1848 2712 populis

139 2751 153 2781 n
163 2730 238 2798 Quia
248 2727 429 2786 serenissimi
440 2727 551 2784 domini
563 2725 749 2799 imperatoris
762 2725 894 2782 animum
905 2743 964 2782 non
1020 2725 1224 2783 concessisset.
1239 2725 1292 2782 Cui
1306 2741 1375 2798 ergo
1388 2725 1496 2782 similis
1524 2742 1588 2783 esse
1615 2726 1773 2796 videbitur,
1795 2727 1847 2800 qui

139 2820 321 2892 ignoramus,
340 2817 418 2890 quod
432 2833 463 2873 se
478 2817 508 2872 in
525 2814 623 2872 causis
638 2815 824 2876 sacerdotum
842 2814 964 2871 miscere
1019 2815 1098 2886 qaod
1112 2815 1189 2871 Deus
1204 2814 1260 2870 sibi
1276 2820 1391 2870 tantum
1408 2815 1494 2870 modo
1509 2815 1675 2885 reservavit,
1695 2817 1847 2889 subripere

139 2923 198 2964 non
213 2905 316 2978 soleat,
332 2921 368 2962 ns
382 2905 491 2962 nostris
506 2904 536 2960 in
552 2904 652 2976 aliquo
668 2903 795 2976 peccatis
817 2906 963 2975 gravetur.
1019 2904 1181 2974 presumit.
1197 2905 1298 2960 Restat
1311 2904 1414 2975 utique
1444 2907 1478 2958 ut
1505 2903 1559 2972 ilii,
1586 2903 1636 2977 qui
1664 2905 1722 2961 ait:
1740 2910 1846 2964 Ponam

137 2995 211 3053 item
227 2995 263 3051 ad
275 2995 292 3050 J
295 3011 420 3052 oannem
430 2993 612 3051 defensorem
625 3009 633 3049 ι
647 2993 687 3048 De
699 3007 824 3064 persona
839 2993 961 3066 presby·
1016 2992 1106 3049 eedem
1120 3009 1210 3049 meam
1223 2992 1259 3049 od
1274 2992 1445 3064 Aquilonem,
1458 2995 1483 3049 et
1511 3009 1557 3049 ero
1585 2994 1690 3050 similis
1705 2995 1844 3053 ditissimo

136 3085 193 3143 teri
207 3084 262 3140 hoc
277 3082 486 3140 attendendum
502 3087 556 3152 est,
588 3081 658 3154 quia
685 3080 710 3137 si
737 3098 825 3153 quam
841 3097 961 3138 causam
1016 3084 1086 3151 (isa.
1106 3099 1164 3152 xrv,
1179 3082 1234 3153 24).

135 3172 323 3244 habuit,non
340 3171 566 3239 abalioteneri,
597 3172 649 3227 sed
678 3159 996 3243 episcopumipsiusC
1077 3187 1559 3262 gxpppcpparsprimappjudicpg
1578 3191 1778 3263 episcoporum,

136 3261 211 3318 adiri
221 3261 331 3318 debuit.
347 3283 361 3312 a
374 3259 565 3318 Beatissimus
575 3259 662 3316 etiam
671 3258 815 3334 Sylvester
824 3275 960 3316 summus

134 3350 265 3424 pontifex
280 3350 321 3422 (tn
335 3348 458 3422 Epitop„
474 3353 502 3404 et
515 3364 580 3421 cap.
595 3348 612 3403 3
626 3364 701 3404 emec.
730 3348 829 3418 Rom),
852 3351 881 3403 et
894 3348 959 3403 nni·
1210 3356 1342 3414 1Ncrp1'1*
1357 3356 1448 3412 PARS
1467 3357 1642 3417 sEcUNpa,

133 3438 254 3495 versalis
267 3439 419 3510 apostolas
434 3436 554 3494 collecta
568 3437 679 3511 synodo
694 3436 723 3491 in
738 3440 840 3492 sancta
857 3441 887 3491 et
912 3452 958 3492 ve-

131 3526 255 3585 nerabili
270 3525 403 3584 Romana
416 3525 547 3583 Ecclesia
561 3542 613 3599 per
626 3524 726 3581 omnia
748 3521 908 3591 interdixit,
925 3528 958 3580 ut

71 3676 77 3692 ι
131 3615 231 3673 nullus
244 3615 337 3673 laicus
353 3616 465 3672 crimen
480 3615 585 3673 clerico
601 3614 707 3671 audeat
735 3613 853 3680 inferre,
882 3615 911 3668 et
925 3615 958 3668 ut
1047 3612 1121 3669 illud
1137 3613 1222 3686 plane
1237 3613 1369 3688 diligenti
1384 3614 1584 3673 observatione
1602 3617 1764 3673 cavendum
1781 3623 1836 3689 est,

129 3706 282 3779 presbyter
295 3723 353 3763 non
370 3706 512 3761 adversus
528 3703 710 3776 episcopum,
743 3719 794 3759 nee
815 3702 956 3757 diaconus
1011 3706 1044 3758 ut
1058 3703 1137 3775 quod
1152 3708 1228 3760 Deus
1243 3703 1328 3760 bonis
1344 3704 1559 3772 sacerdotibus,
1588 3709 1617 3762 et
1631 3704 1836 3779 spiritualibus

1197 3474 1234 3528 De
1248 3474 1471 3529 ordinationibus
1482 3475 1651 3531 eorumdem.

129 3794 268 3852 adversus
282 3796 498 3868 presbyterum,
514 3810 572 3850 non
587 3791 787 3850 subdiaconus
816 3791 955 3847 adversus
1010 3792 1128 3864 populis
1143 3790 1402 3861 concessit,nullus
1417 3793 1453 3847 ad
1469 3793 1621 3865 proprium
1633 3795 1739 3851 audeat
1749 3796 1836 3868 privi-

128 3881 954 3956 diaccnum,nonacolythusadversussubdiaconum,non
1009 3879 1119 3953 legium
1135 3886 1310 3953 retorquere.
1326 3882 1399 3938 Cum
1415 3881 1493 3937 enim
1510 3881 1668 3954 episcopali
1693 3883 1834 3943 electione

127 3973 271 4030 exorcista
286 3975 426 4031 adversus
441 3970 621 4045 acolythum,
635 3987 693 4027 non
708 3969 800 4027 lector
814 3969 954 4026 adversus
1008 3969 1165 4042 generalis,
1181 3974 1277 4026 etnon
1293 3968 1429 4042 specialis
1444 3971 1599 4042 querenda
1614 3971 1653 4028 ait
1668 3972 1789 4042 utilitas,
1805 3979 1834 4031 et

126 4061 310 4129 exorcistam,
327 4079 386 4121 non
401 4061 540 4118 ostiarius
569 4061 709 4118 adversus
735 4054 883 4124 lectorem,
905 4059 954 4113 det
1008 4058 1212 4116 ecclesiastica
1228 4058 1272 4114 aei
1287 4059 1482 4130 inquirendus
1498 4059 1537 4115 sit
1560 4060 1757 4134 dispensator,
1774 4080 1832 4120 non

125 4151 340 4208 accusationem
352 4149 530 4220 aliquamdi
540 4165 598 4205 non
610 4150 766 4206 damnetur
776 4147 952 4220 praaul,nisi
1007 4146 1134 4222 publice,
1149 4147 1193 4204 vel
1207 4148 1318 4221 private
1346 4146 1453 4220 aliquis
1482 4153 1671 4220 procurator:
1695 4151 1762 4223 quis
1777 4169 1832 4208 un·

125 4235 156 4291 in
172 4239 361 4311 septuaginta
376 4237 501 4303 duobus,
528 4253 623 4309 neque
651 4235 758 4310 presul
784 4251 954 4291 summusa
1007 4253 1096 4309 quam
1108 4236 1237 4310 aliquem
1250 4237 1286 4292 ad
1298 4236 1327 4292 id
1339 4236 1477 4293 idoneum
1493 4238 1620 4310 reperire
1643 4240 1759 4312 poterit,
1776 4241 1833 4297 nisi

124 4326 452 4399 quoquamjudicetur:
465 4325 606 4396 quoniam
618 4324 817 4398 scriptumest
829 4325 902 4381 :Non
915 4333 954 4381 est
1006 4324 1070 4399 ipse
1085 4326 1135 4399 qui
1151 4324 1332 4383 occultorum
1348 4328 1393 4382 est
1409 4324 1565 4399 cognitori
1585 4370 1830 4386 ......

123 4413 278 4487 disciputus
291 4432 377 4488 supro
390 4415 557 4485 manistram
585 4412 691 4486 (annu.
722 4431 749 4485 x,
772 4414 827 4485 24).
845 4414 951 4470 Beatus
1008 4455 1251 4472 ......
1292 4432 1299 4446 ·
1340 4456 1630 4474 .......
1643 4416 1831 4474 custodiam?

124 4501 986 4592 quoquePaulusapostolusaitadTimotheum:SenioremD
1005 4503 1059 4572 Qui
1072 4505 1175 4560 merito
1185 4503 1241 4560 hoc
1256 4503 1345 4560 etiam
1361 4503 1448 4560 bonis
1471 4503 1681 4569 sacerdotibus,
1697 4507 1726 4560 et
1740 4505 1829 4578 spiri·

122 4607 158 4648 ne
172 4594 369 4665 increpaveris,
394 4590 440 4647 sed
456 4591 564 4648 obsecra
577 4594 608 4647 nt
620 4601 724 4665 partem
741 4591 763 4664 (l
781 4592 848 4648 Tim.
863 4607 891 4661 v,
908 4590 945 4665 4).
1002 4591 1133 4649 tualibus
1144 4608 1318 4664 cognoscere
1329 4609 1404 4666 sepe
1415 4590 1829 4667 conceditpopulis‚quiaipse

123 4677 196 4753 llrgc
213 4697 270 4737 non
285 4685 330 4739 est
345 4680 453 4737 mirum
469 4680 558 4753 [quod
588 4681 623 4736 de
651 4679 796 4753 episcopis
810 4679 947 4752 superius
1002 4698 1119 4755 quoque
1134 4680 1203 4737 alibi
1220 4681 1413 4753 promiserat:
1431 4681 1482 4738 ilbi
1502 4682 1610 4753 inerint
1628 4686 1784 4754 concrepati
1798 4686 1828 4740 in

123 4766 289 4826 dictumest
304 4771 339 4826 ad
351 4785 476 4842 quorum
488 4768 804 4842 cognitionemjudicia
814 4768 946 4824 omnium
1001 4769 1294 4828 nominemeodcooei
1304 4773 1368 4838 tres,
1381 4770 1505 4827 inmerito
1528 4787 1622 4828 eornm
1643 4787 1705 4828 sum
1716 4773 1826 4841 (Melit.

123 4857 289 4929 specialiter
298 4859 445 4931 pertinent
455 4857 638 4933 clericorum]
651 4876 658 4927 ;
674 4875 740 4914 curn
752 4859 840 4914 etiam
852 4859 946 4927 [cele-
1000 4875 1082 4932 xvur,
1097 4859 1153 4932 20).
1169 4860 1203 4915 lit
1218 4859 1247 4913 ln
1262 4858 1385 4931 psalmis
1395 4875 1401 4915 :
1411 4861 1543 4916 Dominus
1557 4865 1631 4917 stetit
1644 4864 1674 4917 in
1687 4879 1827 4934 synapopa

122 4961 170 5003 ros
183 4947 312 5019 Domini]
328 4948 503 5015 sacerdotes,
520 4946 621 5004 levitas
636 4952 665 5003 et
691 4948 896 5016 subdiacones,
913 4963 946 5003 ac
1003 4948 1126 5017 deornm,
1138 4951 1169 5005 in
1183 4949 1272 5004 credie
1283 4957 1374 5004 antem
1384 4948 1664 5022 eosdiiudicotlt’sal.
1677 4969 1769 5020 axam,
1789 4953 1826 5024 1).

122 5037 273 5109 sequentis
288 5036 400 5092 ordinis
416 5052 509 5108 usque
524 5038 560 5093 ad
575 5036 671 5093 ultimi
700 5037 809 5108 gradus
825 5036 946 5092 clericos
1001 5038 1089 5095 Plane
1099 5037 1316 5111 ergoipsesacit
1327 5036 1404 5109 quod
1416 5037 1472 5108 ipsi
1487 5038 1827 5112 iaciunt,quiinnomine

122 5124 301 5182 omnimodis
315 5124 433 5182 exclusa
443 5125 483 5180 sit
496 5124 578 5181 laicis
592 5125 711 5181 licentia
725 5126 881 5182 accusandi
900 5125 945 5181 vel
1001 5125 1705 5200 ejuscongregantur‚quiareverapatetquodipsi
1714 5129 1828 5202 absque

118 5211 284 5284 judicandi,
294 5217 412 5287 excepto
424 5213 449 5270 si
465 5213 571 5286 aliquis
586 5230 698 5283 eorum,
710 5215 788 5286 quod
800 5213 887 5285 absit,
898 5219 945 5271 tn·
1000 5233 1035 5274 eo
1045 5234 1109 5274 esse
1123 5216 1164 5272 ibi
1180 5232 1237 5272 non
1253 5213 1377 5286 possint.
1395 5214 1460 5288 lpse
1472 5215 1592 5286 quidem
1604 5223 1648 5273 est
1657 5217 1782 5291 quitum
1794 5221 1826 5275 in

120 5314 202 5357 more
210 5303 355 5373 superbiae
367 5301 700 5371 elatus,ecclesiasticem
711 5302 849 5359 deserens
861 5303 946 5359 disci·
999 5304 1097 5362 Veteri
1112 5320 1201 5376 quam
1212 5303 1242 5359 in
1252 5302 1331 5359 Novo
1341 5303 1708 5375 Testamento,sacordotes
1720 5323 1772 5378 per
1780 5323 1827 5364 se·

120 5386 246 5462 plicam,
261 5390 297 5446 ad
311 5390 481 5450 secularem
495 5406 527 5447 ss
539 5391 697 5447 contulerit
711 5395 897 5464 potestatem,
913 5397 946 5448 ut
1000 5394 1161 5466 metipsum
1171 5392 1278 5464 eligere
1284 5391 1538 5464 dignatusestdit
1544 5393 1827 5454 eniminVeteriTc-

157 5565 216 5651 (⁴3)
233 5565 336 5626 Contra
342 5567 400 5642 joa.
416 5567 534 5649 Optima
547 5565 632 5627 lectio
656 5568 766 5631 codicis
794 5571 882 5632 Resb.
899 5577 929 5633 at
947 5572 1033 5635 lectio
1046 5571 1153 5650 prioris
1169 5570 1316 5648 editionis,
1329 5571 1497 5642 contrarias,
1511 5571 1651 5647 pessima.
