3908 6096
72 226 75 231 ’
115 267 168 323 εει
627 259 794 318 arronis
819 257 1105 316 νεεεειεεεειε
1131 256 1301 318 crisconi
1530 246 1537 253 '
1754 257 1816 317 aaa

116 396 166 452 illa
180 395 335 469 predicare
350 391 498 449 Christum
514 407 571 447 non
588 389 757 447 desistebat.
773 390 808 445 lit
821 388 876 445 hoc
891 390 937 444 est
949 388 977 455 Α
992 388 1106 444 εεαθθῖθ
1122 406 1131 442 .·
1154 405 1221 445 vere
1244 392 1277 445 ut
1301 391 1391 462 pater,
1407 403 1476 445 vere
1499 390 1532 444 ut
1556 387 1686 446 famulus
1700 387 1764 458 Dei,
1779 389 1817 446 de

118 487 195 560 qnod
211 484 328 541 subdit:
344 483 401 539 siue
412 499 462 555 per
477 483 570 549 tritum,
585 484 642 536 siue
656 496 704 552 per
716 483 849 540 mortem:
866 477 936 533 acsi
990 478 1105 534 duabus
1121 478 1332 551 cupiditatibus
1354 482 1482 535 arctatus
1505 475 1593 551 elegit
1617 495 1738 537 manera
1761 496 1817 553 pro

118 574 218 631 dicat:
245 573 275 629 Si
299 572 450 629 tolerando
479 588 577 645 pronas
601 570 708 640 vixero,
733 567 937 642 praedicabitur
991 564 1382 639 aliis.Perruonebo,inquit;
1398 567 1427 623 id
1442 571 1496 637 θεῖ,
1508 584 1603 640 usque
1616 567 1652 624 ad
1665 568 1818 641 perfectio·

117 663 258 730 Christus,
275 666 304 718 at
318 663 343 718 si
358 663 451 736 poenis
467 666 601 718 mortuus
617 660 709 726 luero,
725 658 820 731 magis
836 655 938 730 pradi-
992 672 1058 712 nem
1075 658 1217 726 maneb03
1239 656 1268 712 id
1293 661 1347 726 est,
1363 673 1453 713 causa
1474 657 1563 714 vestri
1587 658 1747 731 proiectus,
1761 675 1819 732 per

116 751 571 824 cabituerristus(lltil);oum
582 749 708 805 viderint
719 764 765 804 me
780 764 832 804 nec
842 744 936 819 poenis
992 747 1178 818 praesentiam
1194 763 1289 803 meam
1304 747 1399 803 denuo
1415 748 1493 821 apud
1508 747 1625 817 vos;id
1642 753 1696 820 est,
1714 752 1746 804 ut
1760 763 1815 823 ego
1867 782 1871 793 ·

116 835 937 913 detritum,(1162),necmortererocatum3sedinprae·
992 851 1118 906 presens
1148 835 1282 899 sentiam.
1312 837 1563 907 quemadmodum
1595 836 1690 912 gloria
1720 843 1817 895 vestra

117 930 263 987 dicatione
282 946 492 1002 perseverasse.
991 924 1125 995 exsultet,
1136 933 1161 981 et
1176 925 1296 982 abundet
1306 926 1336 982 in
1354 926 1474 995 Christe·
1489 926 1567 998 quod
1581 926 1734 984 Christum
1749 926 1816 983 dili-

153 1019 314 1093 Sequitur:
341 1020 408 1075 ltili
429 1017 751 1076 enimoivere.Cbristus
765 1024 815 1085 est,
832 1018 887 1071 etc.
903 1014 939 1070 llt
992 1013 1081 1088 gitis;
1097 1014 1174 1086 quod
1187 1013 1300 1071 Christo
1317 1015 1450 1084 servitis:
1466 1017 1545 1090 quod
1555 1015 1664 1074 Christi
1676 1016 1816 1075 vesservi
1846 1072 1852 1092 ,

118 1114 163 1166 θεῖ
175 1125 298 1166 sensus:
312 1107 399 1164 Nulla
411 1106 483 1164 mihi
493 1105 628 1163 voluntas
639 1111 681 1162 θεῖ
691 1105 738 1161 hic
747 1101 938 1172 vivendi,nisi
993 1104 1139 1176 gaudetis.

118 1203 152 1253 ut
166 1214 273 1271 corpus
287 1197 427 1254 edificem
442 1196 574 1269 exemplo
590 1211 665 1251 meo.
683 1195 805 1250 Mortem
821 1210 878 1249 non
901 1191 939 1247 ti·
1029 1192 1187 1264 Sequitur:
1204 1195 1319 1251 lantum
1333 1193 1415 1264 dique
1428 1195 1577 1265 Evcaqelio
1588 1195 1691 1252 Christi
1705 1211 1816 1255 conca·
1839 1242 1842 1253 .

118 1304 193 1355 meo,
203 1288 273 1359 qnia
283 1289 392 1344 tucrum
405 1292 449 1342 cst
464 1285 537 1341 mihi
550 1287 630 1341 rnort.
646 1286 741 1341 Vivere
755 1288 853 1339 autem
868 1281 940 1336 mibi
993 1282 1106 1337 sumini.
1118 1281 1241 1355 Dignam
1251 1281 1314 1339 vult
1323 1300 1372 1339 eos
1386 1283 1493 1341 habere
1503 1285 1769 1356 conversationem,
1782 1302 1817 1344 na

119 1376 448 1448 Cirr'atuseat,qu1aqui
464 1375 493 1430 in
510 1373 560 1430 illo
572 1378 680 1448 sperat,
691 1388 807 1446 semper
817 1371 895 1439 vivit,
910 1375 940 1427 et
993 1373 1132 1444 poeniteat
1145 1388 1212 1429 enm
1232 1372 1359 1431 voluisse
1381 1390 1531 1430 remanere
1554 1375 1584 1430 in
1608 1392 1709 1432 carne.
1725 1375 1817 1450 Digna

118 1482 205 1532 nunc,
218 1470 246 1521 et
261 1465 458 1536 postmodum.
470 1463 548 1520 Nihil
566 1480 633 1536 ergo
649 1462 722 1518 illud
737 1465 791 1534 est,
806 1462 884 1533 qnod
895 1459 938 1515 illi
993 1466 1180 1518 conversatur
1191 1461 1585 1536 Evangelio,qnisecundum
1596 1465 1661 1537 ejus
1672 1470 1816 1540 precepta

118 1558 219 1628 agunt.
236 1554 301 1610 Sive
316 1553 461 1624 occidant,
476 1553 536 1609 sive
551 1552 644 1625 poenis
659 1550 796 1618 lacerent,
809 1549 881 1605 mihi
898 1548 939 1605 nil
992 1549 1073 1621 vivit,
1086 1551 1230 1624 quispam
1245 1568 1329 1609 suam
1342 1551 1372 1607 in
1384 1550 1434 1609 illo
1449 1551 1581 1610 collocat.
1591 1553 1688 1618 Quam
1698 1571 1815 1612 conver-

118 1642 223 1699 horum
240 1646 334 1710 nocet,
350 1642 419 1715 quia
434 1643 503 1698 milti
516 1644 617 1711 vicera
632 1645 687 1698 etc.
704 1641 784 1714 Quod
797 1642 824 1697 si
837 1641 938 1708 vicere,
993 1639 1137 1696 sationem
1147 1640 1266 1715 exponit
1276 1641 1419 1698 dicendo:
1436 1643 1468 1700 ut
1482 1643 1540 1699 siue
1553 1659 1616 1699 cum
1630 1659 1745 1701 υεθθνο.
1755 1642 1816 1703 Uno

118 1736 173 1789 ete.
186 1731 259 1797 Ouia
271 1732 406 1807 superius
422 1732 551 1789 dixerat:
567 1732 634 1787 lliti
645 1732 738 1787 oluere
751 1729 874 1787 Christus
884 1737 940 1795 eat:
993 1728 1071 1785 enim
1086 1728 1192 1802 spiritu
1206 1733 1293 1800 stare,
1305 1730 1483 1788 unanimiter
1497 1730 1640 1801 laborare,
1652 1732 1744 1807 digne
1753 1749 1807 1791 ceu

119 1825 147 1878 et
161 1820 304 1878 incertum
314 1824 377 1877 erat
387 1822 423 1878 de
437 1838 496 1895 qua
509 1820 569 1877 vita
579 1819 711 1891 dixisset,
722 1837 759 1877 an
770 1820 805 1876 de
819 1819 887 1890 ista,
901 1836 938 1876 an
992 1817 1102 1874 versari
1116 1821 1161 1875 est
1171 1817 1338 1893 Evangelio.
1350 1819 1439 1877 Stcst
1449 1820 1531 1878 ordo.
1543 1820 1768 1880 conversemini
1778 1823 1817 1879 di·

118 1911 154 1967 dc
168 1910 278 1981 futura,
295 1911 359 1968 ideo
375 1910 491 1982 adjecit,
507 1910 542 1966 de
557 1909 625 1982 ista,
641 1926 704 1982 quse
726 1911 757 1965 in
778 1925 861 1965 carue
882 1911 937 1965 est.
993 1922 1060 1979 gne,
1076 1911 1109 1962 ut
1124 1907 1209 1979 digne
1223 1908 1260 1964 de
1273 1908 1356 1965 vobis
1371 1909 1500 1984 audiam,
1515 1912 1582 1984 quin
1601 1911 1682 1969 stetis
1708 1914 1740 1969 in
1765 1928 1815 1971 uno

117 2003 199 2069 Cum,
216 1999 323 2072 inquit,
338 2003 369 2056 iu
388 2016 471 2056 corne
485 2017 563 2066 sum,
578 2001 685 2071 fructus
698 1998 768 2054 milri
783 2000 938 2069 operaest.
993 1998 1112 2069 spiriru:
1128 1997 1241 2053 audiam
1256 2007 1349 2054 cutem
1362 1999 1471 2069 absens,
1485 1999 1529 2056 vel
1544 2000 1660 2058 videam
1676 2017 1813 2074 praeseus.

40 2085 41 2089 ’
117 2089 171 2154 Qui
188 2088 322 2144 lructus‘l
346 2088 383 2145 Ut
397 2089 552 2161 praedicem
567 2088 726 2159 Christum,
743 2092 776 2145 ut
790 2087 940 2144 salventur
1030 2086 1065 2142 llt
1088 2086 1173 2159 quasi
1195 2087 1404 2162 interrogasset
1427 2105 1494 2146 eum
1514 2089 1632 2163 aliquis,
1649 2106 1745 2164 quare
1759 2096 1814 2149 tam

117 2176 213 2249 multi,
230 2181 258 2234 θῖ
273 2176 457 2235 illuminetur
470 2179 610 2236 mundus.
625 2178 677 2234 lati
693 2182 762 2234 sunt
776 2178 892 2233 lruotus
907 2177 937 2232 in
994 2190 1170 2248 magnopere
1177 2177 1366 2233 commendas
1375 2177 1517 2235 unitatem
1526 2178 1648 2253 spiritus
1658 2184 1689 2237 et
1697 2158 1816 2252 laboris}

116 2282 204 2323 carne
217 2266 350 2324 viventis.
993 2264 1056 2337 ipse
1071 2263 1174 2338 aperit,
1186 2282 1253 2322 cum
1269 2266 1390 2323 subdit:
1408 2271 1443 2326 Ut
1455 2269 1485 2324 r'rr
1499 2268 1577 2325 nullo
1592 2269 1816 2365 terreaminillp

151 2352 305 2427 Sequitur:
323 2357 360 2410 lit
373 2355 439 2427 quid
452 2356 568 2425 eliaam,
585 2356 689 2426 lquere.
705 2358 739 2410 Et
754 2357 799 2411 θεῖ
814 2370 936 2411 sensus:
994 2370 1027 2409 eo
1038 2354 1114 2425 qnod
1127 2354 1212 2427 quasi
1225 2355 1284 2412 dux
1293 2355 1377 2412 docet
1387 2372 1457 2413 suus
1469 2361 1502 2413 ut
1512 2356 1571 2415 sint
1581 2358 1752 2430 unanimes,
1761 2376 1815 2418 ncn

117 2442 146 2498 si
161 2443 280 2513 morior,
291 2443 407 2501 lucrum
420 2444 524 2513 habeo,
534 2445 649 2518 quiaad
663 2443 938 2516 illumvado,quem
994 2441 1091 2512 divisi,
1108 2447 1140 2498 ut
1152 2443 1303 2499 victoriam
1318 2444 1448 2517 capiant,
1463 2450 1492 2502 et
1515 2462 1573 2502 non
1595 2450 1765 2506 terreantur
1781 2448 1815 2506 ab

118 2532 208 2606 diligo
221 2559 228 2603 ;
244 2551 373 2603 rursum,
390 2534 415 2591 si
431 2534 478 2590 hic
491 2534 565 2602 vivo,
580 2535 707 2590 fructum
723 2535 819 2607 operis
834 2535 939 2604 habco,
994 2531 1179 2589 adversariis.
1193 2531 1307 2599 Quare?
1322 2534 1396 2600 Quia
1407 2533 1449 2590 eis
1465 2535 1515 2608 qui
1526 2542 1583 2609 'pro
1593 2535 1710 2594 Christo
1722 2537 1814 2596 tribu·

119 2621 342 2695 evangelizando
356 2623 518 2690 Christum,
540 2627 569 2679 et
594 2624 631 2679 ad
655 2623 744 2679 fidem
768 2623 940 2679 adducendo
993 2619 1093 2677 lentur
1106 2622 1143 2677 ad
1158 2621 1282 2679 salutem
1297 2623 1429 2696 proficit:
1446 2623 1506 2682 illie
1517 2640 1584 2681 vero
1596 2626 1647 2699 qui
1663 2618 1815 2700 tribulallt,

119 2711 239 2768 multos.
257 2712 336 2780 Ideo,
352 2712 460 2785 inquit,
476 2713 574 2769 nescio
596 2717 696 2768 utrum
712 2717 835 2769 mortem
853 2729 940 2786 appe·
995 2710 1032 2766 ad
1047 2709 1215 2783 perniciem.
1228 2714 1262 2766 st
1275 2713 1345 2784 qnia
1355 2711 1509 2787 multiplex
1523 2719 1567 2771 θεῖ
1581 2714 1639 2772 iste
1650 2716 1817 2790 condictus,

119 2805 192 2869 tarn,
208 2817 245 2856 an
260 2800 357 2856 adhuc
372 2801 402 2857 in
416 2801 477 2858 vita
492 2817 639 2857 maneam.
994 2799 1059 2856 ideo
1074 2799 1146 2855 dicit
1162 2817 1169 2856 :
1184 2801 1217 2855 lu
1229 2800 1307 2856 nullo
1322 2803 1504 2865 terreamini:
1518 2803 1548 2858 id
1563 2808 1619 2873 θεῖ,
1632 2822 1686 2862 nec
1701 2805 1819 2864 callidis

153 2890 313 2962 Sequitur:
341 2890 469 2946 coarctor
493 2893 586 2946 autem
608 2906 623 2946 e
647 2889 762 2959 duobus,
778 2893 832 2945 etc.
848 2890 889 2947 De
907 2906 941 2947 eo
994 2887 1255 2961 disputationibus,
1271 2905 1366 2962 usque
1387 2891 1585 2964 passionibus,
1601 2911 1699 2967 neque
1713 2911 1819 2969 oppro-

120 2979 197 3051 quod
213 2980 316 3036 beatus
325 2977 510 3052 Augustinus
519 2979 590 3036 dicit
599 2979 742 3036 incertum
754 2993 818 3035 esse
829 2982 940 3047 utrum,
994 2977 1078 3034 briis.
1090 2977 1130 3034 lle
1140 2993 1173 3034 eo
1184 2978 1260 3050 qnod
1276 2978 1331 3035 ista
1342 2979 1424 3036 locus
1434 2984 1464 3037 et
1478 2986 1630 3056 martyres,
1641 2988 1672 3040 θῖ
1685 2984 1824 3043 membru·

118 3069 223 3126 duobus
248 3068 490 3140 eonmptrcenticm
505 3068 598 3140 (1163)
621 3067 734 3136 babens,
758 3084 795 3124 an
818 3074 943 3126 coaretor
996 3066 1104 3123 Christi
1118 3066 1195 3123 inter
1216 3068 1349 3127 membra
1363 3069 1471 3126 diaboli
1487 3070 1668 3130 decertantia
1682 3075 1820 3133 corrobo-

119 3165 212 3215 uutem
226 3173 241 3214 e
255 3157 381 3215 duobus:
396 3156 515 3213 utillud
531 3158 726 3231 adjungatur:
744 3159 940 3229 uoaeapiscea-
956 3139 977 3208 C
997 3159 1052 3214 rat.

119 3249 189 3304 tium
203 3247 305 3303 iubens
323 3247 438 3303 dissolui
461 3250 488 3302 et
515 3262 572 3303 esse
591 3262 653 3302 cum
668 3245 786 3313 Christo,
802 3247 853 3304 ssd
869 3264 941 3319 quo·
1031 3244 1191 3318 Sequitur:
1215 3247 1248 3304 Et
1260 3247 1309 3303 boc
1322 3265 1341 3304 a
1355 3252 1426 3318 Deo,
1443 3252 1519 3306 eto:
1543 3250 1574 3306 id
1589 3256 1644 3320 θεῖ,
1660 3268 1679 3310 a
1693 3256 1754 3310 Deo
1764 3251 1819 3311 beu

119 3336 200 3392 niam
215 3336 256 3391 ita
271 3335 381 3404 subdit,
396 3334 485 3391 multo
499 3336 574 3391 enim
588 3337 826 3408 mapisuptimum
837 3335 941 3408 (1161),
995 3340 1143 3409 operatur,
1154 3340 1187 3393 ut
1201 3337 1281 3409 quod
1291 3336 1357 3394 aliis
1371 3340 1416 3395 est
1430 3337 1565 3412 perditio,
1575 3340 1660 3398 vobis
1671 3341 1715 3399 sit
1729 3341 1820 3400 salua-

119 3424 177 3481 ista
192 3424 343 3497 particula,
360 3424 389 3479 id
405 3429 460 3489 est,
476 3425 560 3490 enim,
576 3423 662 3481 solvit
676 3423 751 3479 banc
766 3424 942 3497 ambiguita·
996 3423 1047 3480 tio.
1058 3429 1091 3481 In
1102 3425 1209 3497 quibus
1224 3424 1279 3484 hoc
1289 3427 1448 3499 operaturi
1462 3428 1494 3484 ln
1509 3429 1602 3500 vobis,
1616 3430 1728 3502 quibus
1738 3431 1821 3490 ἀθεε-

120 3517 190 3569 tem.
203 3514 377 3585 Interprates
386 3528 464 3581 vero,
476 3512 525 3584 qui
536 3512 612 3568 hanc
623 3511 816 3584 abstulerunt,
828 3512 879 3569 illa
891 3514 943 3569 du·
996 3519 1054 3568 tum
1064 3517 1113 3581 θεῖ,
1124 3516 1180 3569 θῖθ.
1191 3517 1365 3588 Quanquam
1376 3516 1506 3574 studiose
1518 3517 1675 3591 Apostolus
1687 3519 1743 3578 Dei
1753 3537 1819 3595 gru·

27 3598 31 3605 ’
122 3602 161 3658 cti
173 3605 242 3658 sunt
251 3601 405 3670 sententia,
415 3604 449 3656 ut
458 3617 515 3658 non
526 3599 622 3658 solum
633 3600 768 3673 compelli
785 3618 800 3657 e
816 3600 941 3673 duobus,
996 3600 1067 3658 tiam
1082 3602 1112 3658 in
1128 3602 1266 3660 omnibus
1276 3604 1405 3675 extollat,
1417 3606 1453 3663 ad
1468 3605 1585 3665 laudem
1596 3611 1697 3666 tamen
1708 3609 1818 3684 Philip·

122 3690 174 3748 scd
189 3689 278 3747 etiam
293 3690 420 3746 duorum
435 3688 819 3763 habereooncnpiscentiam
833 3690 943 3747 videre-
996 3689 1131 3759 pensium
1157 3690 1293 3761 pertinet,
1310 3693 1388 3764 quod
1412 3692 1495 3767 dicit,
1511 3711 1529 3751 a
1553 3694 1610 3753 Deo
1634 3701 1723 3755 Patre
1741 3696 1818 3772 ipsiu

121 3783 180 3836 tur.
204 3778 251 3836 Sic
278 3793 347 3851 ergo
372 3777 613 3852 distinguendum
637 3781 681 3835 θεῖ
698 3796 705 3834 :
732 3778 806 3847 Quod
827 3779 941 3850 aliqum,
996 3776 1138 3833 donatum
1154 3781 1186 3835 nt
1200 3779 1320 3836 credant
1333 3784 1362 3837 et
1376 3781 1526 3854 patiantur
1537 3800 1588 3856 pro
1603 3784 1714 3844 Chresto
1730 3805 1746 3854 ε,
1760 3803 1817 3845 non

121 3871 480 3942 testamenmentum
502 3885 518 3924 e
540 3868 652 3926 duobus.
669 3869 762 3934 Quam
778 3867 941 3926 distinctio·
996 3866 1818 3947 enimbocconceditautdonat,nisiamatoribusti'nristi,

122 3973 190 4015 nem
215 3956 371 4031 sequitur:
398 3956 651 4030 concupiscentium
672 3957 775 4014 iubens
788 3957 904 4015 dissolvi
917 3963 944 4016 et
996 3972 1071 4028 quos
1085 3957 1256 4030 ipseamare
1271 3974 1302 4017 se
1315 3959 1391 4016 lecit.
1404 3961 1478 4018 Nam
1492 3961 1579 4020 multi
1592 3964 1703 4023 babent
1718 3966 1819 4034 Mem,

121 4064 177 4105 csse
199 4063 261 4103 eum
286 4045 402 4103 Christo.
428 4046 462 4102 lit
487 4050 627 4119 tanquam
651 4050 828 4121 querentur,
851 4064 943 4120 quare
996 4046 1047 4101 sed
1060 4063 1118 4102 non
1130 4051 1242 4104 tantam
1254 4051 1286 4104 ut
1296 4054 1416 4122 possent
1428 4051 1488 4124 pati
1502 4068 1554 4125 pro
1565 4053 1691 4112 Christo.
1704 4055 1741 4112 llt
1751 4055 1821 4129 qnia

121 4136 210 4208 hujus
224 4137 264 4192 rei
274 4135 381 4193 habeat
390 4135 666 4209 concupiscentiam,
676 4137 760 4192 multo
771 4139 860 4209 irrepis
871 4140 942 4210 opti·
996 4136 1818 4220 dixerateisdatamutpatianturprochristoaan'nnxit,

119 4242 206 4294 mum,
222 4225 326 4297 inquit.
343 4224 400 4281 Gur
415 4241 482 4297 ergo
506 4242 521 4281 θ
541 4225 656 4281 duobus
671 4225 853 4282 coarctaris?
868 4226 942 4292 Quia
995 4229 1143 4284 conamen.

120 4318 165 4370 est
178 4314 316 4371 manendi
326 4314 487 4370 necessitas
502 4313 640 4370 incarne.
653 4315 734 4383 llcce,
747 4331 814 4371 cum
826 4316 942 4374 duobus
1031 4315 1185 4389 Sequitur:
1202 4315 1277 4372 idem
1289 4324 1435 4389 εθνῖεθιθη,
1449 4323 1525 4377 eto:
1542 4320 1571 4377 id
1586 4324 1641 4390 θεῖ,
1655 4321 1724 4382 nolo
1739 4323 1821 4383 huno

120 4407 292 4471 coarctetur,
310 4403 398 4459 habet
417 4402 607 4476 cupiditatem
631 4403 787 4477 moriendi,
803 4404 891 4462 babet
914 4409 942 4462 et
995 4404 1135 4478 ignoretis
1150 4420 1297 4477 agonem:
1321 4406 1383 4478 ipse
1407 4411 1453 4463 est
1474 4424 1562 4480 quem
1582 4409 1699 4468 vidistis
1713 4412 1745 4469 in
1760 4428 1819 4482 me,

119 4491 641 4550 necessitatemincarnamanendi.0
651 4495 939 4566 quantumaffeatum
956 4515 980 4580 D
995 4494 1039 4550 vel
1054 4492 1179 4550 audistis
1193 4510 1228 4549 ex
1247 4510 1315 4564 me,
1339 4495 1368 4550 id
1384 4500 1439 4565 θεῖ,
1454 4513 1563 4567 carcer,
1579 4503 1696 4568 catena,
1714 4499 1819 4576 ilagra,

119 4582 283 4639 dilectionis
295 4581 397 4637 habuit
411 4582 466 4637 iste
477 4598 546 4654 erga
555 4581 789 4646 credenteleui
800 4600 851 4654 pro
861 4583 938 4657 eliis,
994 4586 1023 4637 et
1045 4586 1147 4638 catera
1170 4582 1250 4641 talia.
1266 4582 1307 4640 De
1328 4599 1360 4640 eo
1385 4585 1464 4657 quod
1488 4585 1545 4642 alia
1567 4587 1712 4662 viderant,
1727 4589 1757 4647 id
1772 4594 1819 4650 θεῖ

119 4690 176 4729 non
188 4673 264 4744 quod
281 4672 337 4728 sibi
348 4671 503 4744 optimum,
516 4672 567 4727 sed
581 4673 658 4743 quud
671 4673 868 4729 necessarium
879 4678 941 4731 erat
994 4672 1070 4743 apud
1087 4688 1129 4737 se,
1145 4670 1244 4728 atalia
1258 4672 1422 4744 audierant,
1438 4675 1468 4730 id
1489 4681 1544 4749 est,
1561 4693 1625 4749 quse
1638 4677 1684 4736 vel
1699 4678 1819 4738 Jerusa-

37 4823 41 4834 ,
118 4761 194 4829 aliis,
207 4761 302 4835 elegit,
315 4762 456 4817 dicendo:
473 4771 498 4817 et
512 4746 717 4833 bocconfidens,
729 4766 783 4817 etc.
795 4762 865 4826 Quis
880 4780 939 4821 non
991 4759 1080 4833 lymis
1094 4759 1139 4815 vel
1160 4760 1257 4817 [loma
1272 4762 1441 4834 pertulerat.

116 4850 195 4908 tertii
210 4850 273 4906 caeli
290 4849 414 4922 cupidus
428 4850 591 4922 despiceret
602 4853 737 4906 terrena?
752 4851 823 4916 Quis
837 4852 939 4909 avidus
1029 4848 1107 4921 (Car.
1125 4847 1172 4920 ll.)
1187 4849 1346 4922 Sequitur:
1374 4851 1406 4908 Si
1427 4868 1481 4926 quc
1502 4869 1564 4927 erpo
1584 4856 1744 4928 consolatio,
1761 4861 1815 4915 ete.

116 4939 247 5015 paradisi
258 4956 316 4993 non
326 4939 386 4993 hac
396 4939 495 4994 omnia
505 4941 674 5011 sperneret?
684 4939 753 5004 Quis
765 4957 938 4997 arcanorum
1030 4939 1188 5011 Decoquod
1200 4940 1815 5019 petiturusbensficium,utgaudiumsuum

115 5031 271 5089 verborum
289 5045 401 5084 memor
415 5046 472 5084 uon
490 5032 689 5085 contemneret
703 5029 866 5085 humanum
877 5029 938 5087 elo·
993 5027 1159 5099 impleatur,
1168 5028 1247 5102 quod
1258 5032 1312 5097 est,
1325 5029 1403 5086 idem
1413 5032 1578 5106 suplantet
1588 5034 1617 5089 in
1629 5035 1712 5093 nullo
1724 5036 1762 5094 ab
1774 5037 1817 5094 iu·

117 5120 241 5193 quium?
256 5120 327 5183 Quis
343 5121 371 5174 in
393 5122 435 5173 tot
449 5118 701 5189 persecutionibus
717 5118 865 5175 desudans
880 5136 938 5176 non
991 5117 1084 5173 vicem
1100 5116 1275 5191 discrepant,
1291 5120 1376 5191 quasi
1395 5119 1537 5178 rationem
1553 5123 1726 5195 meritorum
1740 5143 1815 5200 pra·

116 5207 235 5282 eligeret
250 5206 406 5281 requiem?
420 5207 476 5262 Sed
498 5207 568 5279 quia
594 5206 737 5263 charitem
761 5208 937 5280 anteposuit,
992 5205 1091 5279 mittit,
1108 5206 1216 5280 quibus
1231 5208 1369 5281 impetret
1383 5211 1460 5282 qnod
1476 5210 1579 5284 poscit.
1594 5212 1734 5273 Rationes
1748 5231 1815 5273 veru

115 5296 170 5354 boc
185 5297 282 5370 elegit,
294 5297 371 5371 quod
387 5296 542 5369 proficeret
554 5295 631 5364 aliis,
644 5296 786 5353 dicendo:
802 5299 857 5354 scie
872 5296 939 5369 quic
992 5296 1164 5353 meritorum
1177 5302 1263 5368 sunt;
1277 5297 1347 5371 quia
1355 5299 1486 5358 advocati
1497 5301 1527 5357 in
1537 5300 1652 5362 Christo
1662 5304 1818 5364 consulan-

150 5455 357 5527 (llbtlverba,
388 5460 414 5513 et
438 5458 497 5513 ai...
529 5456 662 5527 Christus,
692 5455 722 5514 iu
753 5457 812 5515 imo
842 5473 935 5534 marg.
1026 5455 1107 5526 (1163
1134 5459 1215 5525 Quod
1230 5459 1396 5517 desiderium
1413 5459 1440 5518 in
1460 5461 1541 5530 Vola
1558 5463 1615 5541 leg.
1637 5486 1647 5523 r.

115 5527 264 5597 leniuntur.
330 5602 335 5612 Ι
505 5602 510 5612 ¹
1025 5529 1106 5596 (lldl
1131 5529 1317 5603 vulgrimno
1334 5535 1426 5613 euripis
1443 5537 1550 5594 nutius.

149 5598 240 5672 (1162(
255 5597 305 5654 Vel
323 5601 394 5656 torte
409 5600 578 5657 deterritum.
