3908 6096
146 311 198 370 751
656 306 825 366 AT'l'ONlS
848 305 1138 366 veltennnnnsls
1163 306 1339 369 nnlscopl
1798 311 1849 372 'lbi

182 441 353 496 «Habentes
372 456 424 512 ego
450 440 616 511 pontificem
643 454 794 506 maenum,
812 437 861 507 qui
879 453 963 507 pene·
978 442 1004 506 Α
1021 454 1147 507 agnosce
1163 445 1191 494 ct
1206 443 1236 494 tu
1255 439 1392 495 similem.
1409 440 1472 496 Non
1488 440 1557 497 inde
1572 439 1773 502 dissimilem,
1786 441 1850 497 unde

143 529 230 586 travit
244 528 342 595 coelos,
358 530 460 584 Jesum
477 528 581 583 Filium
600 527 657 582 bei.
672 549 685 575 o
698 525 785 580 Paulo
801 526 878 593 eriim
900 529 966 580 ante
1021 526 1219 591 similem,sed
1237 526 1294 582 alla
1308 544 1397 583 causa
1412 527 1496 595 illud,
1508 533 1537 584 et
1548 528 1611 583 alia
1627 527 1718 583 illud.
1732 527 1806 584 Dum
1819 536 1850 584 ta·

142 619 178 673 de
193 617 345 674 divinitate
364 618 428 689 ejus
451 616 609 684 disserens
621 616 698 671 aitm
715 614 820 669 Omnia
836 615 923 681 nuda,
938 618 967 668 et
1021 630 1087 670 men
1104 623 1261 687 utrumque
1286 618 1531 674 demonstremus.
1549 616 1726 673 Dissimilis
1752 616 1848 674 homini

141 710 243 778 aperta
265 711 336 762 suut
360 705 453 762 oculis
476 705 540 775 ejus
557 721 563 758 :
580 727 593 753 o
609 719 687 759 nunc
711 708 819 772 autem,
836 703 905 774 quia
930 702 965 758 de
1020 703 1242 775 Christus,quia
1258 705 1344 772 Deus,
1356 705 1559 780 scriptumest
1570 706 1657 762 enim
1676 706 1716 761 de
1732 705 1848 779 illo,qoia

142 812 229 852 carne
252 796 392 868 loquitur,
409 795 443 850 de
470 794 607 866 pontifice
631 792 763 864 disputet
787 791 877 861 illius,
894 790 965 862 quia
1019 795 1064 846 est
1079 809 1167 864 super
1182 793 1281 848 omnia
1307 795 1382 849 Deus
1404 794 1579 850 benedictus
1595 795 1629 850 in
1646 793 1765 851 saecula
1778 798 1846 867 (aaa

141 884 332 956 semetipsum
350 883 488 939 offerebat
503 886 608 939 nostrae
621 898 710 937 causa
726 880 838 948 salutis,
851 884 880 936 et
894 897 963 952 quo-

141 974 228 1028 modo
241 973 335 1045 primo
351 973 482 1029 omnium
499 973 639 1028 intrasset
654 971 684 1025 in
698 969 858 1041 requiem«
870 970 961 1025 Habe·

141 1078 217 1131 mus,
238 1061 343 1133 inquit,
368 1062 535 1134 pontificem
560 1076 711 1132 magnum,
728 1059 778 1129 qui
803 1058 963 1130 penetravit

140 1148 237 1206 coeloe.
252 1173 266 1200 u
282 1151 357 1223 Ergo
374 1151 488 1223 Moyses
508 1152 612 1205 ductor
633 1147 743 1220 populi,
755 1148 801 1202 cui
819 1147 964 1219 promissa

139 1243 185 1295 est
207 1239 322 1310 requies
345 1239 524 1306 transitoria,
545 1256 603 1294 non
628 1237 748 1292 intravit
768 1235 798 1291 iu
821 1235 962 1307 requiem,

140 1344 229 1400 quam
245 1328 352 1400 sapius
366 1328 474 1401 populo
489 1328 633 1401 promisit.
648 1328 704 1382 late
720 1343 785 1380 vero
802 1330 901 1380 noster
915 1341 963 1379 su-

140 1419 242 1474 cerdos
255 1417 385 1474 melioris
396 1416 600 1489 promissionis
611 1431 744 1486 sponsor,
754 1414 830 1469 viam
842 1414 961 1481 faciens,

139 1506 327 1563 credentibus
341 1506 371 1561 in
388 1522 429 1576 se,
444 1506 558 1578 primus
581 1505 700 1559 intravit
718 1504 748 1558 in
765 1503 895 1575 requiem
911 1519 963 1574 po-

139 1594 208 1664 pulo
218 1594 273 1650 sibi
282 1595 391 1651 credito
402 1594 589 1665 promissam.
600 1593 733 1649 Ostendit
743 1609 810 1648 eum
822 1608 961 1664 magnum

138 1684 331 1749 sacerdotem,
344 1683 413 1756 quia
423 1682 635 1755 sempiternum
650 1682 738 1737 habet
753 1681 960 1749 sacerdotium,

1018 897 1058 946 rx,
1071 882 1111 950 5).
1124 882 1157 936 nt
1177 881 1282 937 similis
1298 882 1410 938 homini
1425 882 1571 951 Christus,
1583 883 1660 955 quia
1673 884 1780 950 homo,
1790 903 1846 957 quo-

1018 969 1095 1024 niam
1117 971 1152 1025 de
1175 970 1224 1026 illo
1250 970 1408 1026 identidem
1424 974 1566 1044 scriptum
1586 977 1634 1028 est
1652 991 1660 1028 ε
1676 997 1693 1023 «
1723 973 1845 1031 Mediator

1018 1057 1068 1113 [lei
1082 1062 1111 1113 et
1122 1058 1274 1114 hominum
1288 1059 1522 1127 homongristus
1533 1061 1627 1118 lesus
1639 1061 1721 1134 (Gal.
1735 1080 1779 1131 111,
1792 1063 1843 1135 19),ι

1018 1148 1176 1204 Dissimilis
1189 1150 1333 1221 peccatori
1344 1148 1487 1215 Christus,
1500 1151 1571 1222 quia
1583 1168 1715 1222 semper
1725 1158 1844 1217 sanctum

1017 1242 1046 1291 et
1073 1237 1179 1292 similis
1208 1237 1352 1310 peccatori
1376 1238 1521 1305 Christus,
1533 1240 1609 1310 quia
1639 1244 1726 1297 Deus
1759 1241 1844 1298 Filium

1018 1341 1104 1380 suum
1121 1327 1201 1382 misit
1216 1328 1246 1381 in
1259 1326 1484 1383 similitudinem
1505 1328 1607 1384 carnis
1632 1330 1768 1402 peccati,
1785 1331 1846 1386 utta

1017 1419 1135 1485 peccato
1159 1417 1312 1471 damnaret
1333 1420 1482 1487 peccatum
1504 1416 1532 1472 in
1556 1433 1665 1473 carne.
1686 1419 1804 1475 Homini
1822 1434 1846 1474 ex

1017 1504 1094 1559 coitu
1114 1508 1180 1560 nato
1197 1503 1351 1560 dissimilis
1370 1503 1514 1576 Christus,
1527 1505 1557 1560 in
1575 1509 1736 1578 quantum
1753 1523 1786 1563 ex
1798 1507 1846 1563 Vn·

1017 1593 1197 1664 ginenatus;
1215 1594 1265 1649 sed
1290 1591 1403 1648 homini
1428 1597 1496 1649 nato
1520 1593 1634 1651 similis
1664 1594 1845 1662 Christos,in

1017 1673 1160 1753 quantum
1177 1682 1281 1754 etipse
1305 1698 1339 1737 ex
1361 1681 1470 1737 semina
1484 1685 1575 1738 natus
1592 1687 1652 1754 est,
1672 1684 1724 1739 cui
1748 1685 1843 1741 dictum

138 1769 961 1843 sempervivensadinterpellandumpronobis-tlthunc
1016 1775 1109 1826 eelz«
1135 1772 1215 1835 Quod
1239 1773 1377 1826 nascetur
1404 1787 1438 1825 ex
1463 1775 1491 1826 te
1520 1774 1682 1838 sanctum,
1710 1774 1845 1830 nocebitur

137 1860 235 1932 ipsum
252 1859 357 1916 Filium
372 1860 423 1916 Dei
439 1860 576 1930 ostendit,
588 1862 658 1914 dum
675 1859 747 1914 dixit
761 1876 787 1913 :a
799 1859 901 1913 lesum
920 1858 961 1912 Fi-

136 1949 209 2005 lium
225 1949 275 2005 Dei
290 1966 319 2004 z»
331 1950 408 2021 quod
425 1966 571 2021 nusquam
588 1949 623 2004 dc
635 1950 733 2021 Moyse
749 1947 845 2003 dicere
860 1946 962 2016 voluit,

976 1815 1027 1914 B,

1029 1860 1109 1915 lilius
1128 1860 1178 1915 Dei
1195 1860 1300 1932 (lluttb.
1317 1878 1336 1928 1,
1352 1862 1401 1925 20;
1422 1860 1486 1916 Luc.
1504 1877 1523 1930 1,
1536 1861 1625 1932 35).ι
1648 1861 1774 1918 Homini
1788 1879 1843 1936 pm-

1017 1955 1082 2021 pter
1096 1954 1247 2022 peccatum
1264 1965 1352 2005 suum
1364 1953 1480 2004 mortuo
1490 1948 1656 2006 dissimilis
1671 1950 1843 2023 chrismata

136 2039 187 2094 sed
203 2055 271 2094 eum
287 2039 430 2094 famulum
445 2039 625 2111 praelerebat,
639 2038 668 2093 in
685 2037 886 2109 superioribus
901 2041 963 2091 tes·
1017 2045 1160 2110 quantum
1172 2038 1234 2094 siue
1245 2041 1410 2110 peccato,et
1420 2037 1536 2110 propria
1551 2043 1713 2110 potestate
1725 2046 1843 2097 mortuus

136 2127 252 2182 tilicens
268 2127 310 2182 eis
325 2128 380 2182 sub
396 2127 515 2183 nomine
529 2127 610 2195 lesu,
624 2127 700 2197 quod
716 2142 822 2181 nomen
839 2125 962 2197 angelus
1017 2132 1073 2189 est,
1084 2128 1134 2183 sed
1151 2144 1254 2183 rursus
1269 2126 1382 2182 homini
1398 2131 1514 2182 mortuo
1529 2125 1646 2183 similis
1664 2127 1843 2199 Christus,in

140 2230 158 2270 a
173 2215 230 2271 Deo
245 2215 375 2272 directus
388 2215 500 2288 Virgini
516 2214 701 2270 annuntiavit
715 2213 819 2270 Filium
834 2216 882 2269 Dei
898 2229 962 2270 esse
1017 2220 1161 2288 quantum
1177 2220 1206 2271 et
1220 2215 1283 2287 ipse
1297 2232 1365 2270 vera
1382 2219 1475 2271 morte
1490 2216 1625 2286 corporis
1645 2222 1785 2274 mortuus
1798 2222 1843 2274 est.

141 2290 253 2371 verum,
266 2308 295 2359 et
308 2304 373 2360 ideo
387 2320 528 2376 magnum
544 2305 736 2360 sacerdotem.

176 2415 190 2444 «
208 2393 372 2450 Teneamus
392 2393 639 2450 confessionem.»
658 2392 778 2456 Qualem
802 2392 961 2448 contessio-

139 2497 206 2538 nem
218 2483 308 2539 dicit‘l
324 2483 467 2546 Quoniam
480 2481 567 2538 Filius
584 2483 634 2537 Dei
646 2488 699 2553 eat,
711 2481 850 2554 quoniam
862 2480 960 2537 Chris·

136 2575 185 2626 tus
205 2571 282 2628 Deus
308 2575 362 2641 est,
378 2572 516 2642 quonium
541 2588 647 2644 passus
670 2576 725 2636 est,
750 2569 882 2642 sepultus
905 2574 958 2641 est,

137 2660 296 2716 resurrexit
309 2660 396 2715 tertia
419 2661 476 2728 die,
492 2660 624 2716 ascendit
638 2660 666 2715 in
683 2659 799 2726 coelum,
817 2659 898 2714 sedet
923 2659 959 2714 ad

136 2749 282 2806 dexteram
308 2748 412 2816 Patris,
427 2748 495 2805 inde
520 2752 661 2804 venturus
682 2748 816 2819 judicare
836 2748 915 2802 viros
932 2750 960 2802 et

136 2841 282 2907 mortuos;
298 2853 350 2909 per
364 2852 451 2907 quem
463 2837 562 2893 omnia
574 2837 650 2892 bona
664 2836 818 2901 habemus,
830 2835 960 2906 redemp-

133 2927 254 2995 tionem,
271 2926 525 2996 resurrectionem,
537 2925 736 2981 hereditatem
752 2941 819 2981 cum
835 2941 868 2980 eo
884 2940 959 2980 sem-

134 3017 279 3091 piternam
297 3035 303 3072 :
319 3016 380 3071 hac
402 3016 602 3072 conliteamur.
618 3016 691 3080 Quia
714 3031 779 3070 vero
804 3014 865 3069 haec
879 3029 956 3080 vera,

134 3105 324 3162 manifestum
344 3121 378 3161 ex
402 3122 435 3161 eo
460 3105 537 3177 quod
562 3104 691 3177 pontifex
714 3105 743 3159 in
767 3103 956 3159 interioribus

1016 2305 1080 2360 Hac
1097 2314 1139 2360 est
1155 2305 1287 2369 tentatio,
1304 2320 1362 2375 qua
1382 2307 1511 2359 tentatus
1532 2307 1591 2359 est.
1610 2303 1842 2362 persecutionem

1016 2393 1211 2465 plurimorum
1228 2409 1333 2466 passus
1356 2395 1410 2461 est,
1427 2397 1512 2464 sputa
1528 2394 1682 2464 suscepit,
1701 2400 1842 2452 accusatas

1015 2489 1069 2550 est,
1081 2482 1290 2538 detractionem
1302 2481 1454 2552 sustinuit,
1467 2480 1656 2538 calumniam
1674 2500 1783 2555 passus
1795 2489 1840 2552 est,

1015 2570 1152 2643 repulsus
1168 2575 1211 2626 est
1227 2588 1244 2625 a
1259 2569 1377 2642 propria
1391 2573 1487 2642 gente,
1499 2570 1528 2624 in
1539 2569 1600 2627 fine
1615 2573 1782 2629 crucifixus
1795 2578 1840 2630 est.

1014 2661 1101 2717 Juxta
1116 2658 1352 2727 similitudinem,
1364 2658 1470 2731 inquit,
1482 2657 1544 2714 sine
1563 2665 1705 2732 peccato.
1718 2661 1791 2722 Dum
1804 2662 1839 2718 di·

1014 2750 1062 2819 cit,
1075 2751 1105 2804 in
1121 2748 1345 2805 similitudinem
1359 2748 1467 2813 carnis,
1485 2765 1541 2804 non
1557 2747 1614 2805 hoc
1632 2750 1722 2819 dicit,
1732 2752 1797 2824 qnia
1809 2750 1840 2808 si·

1013 2837 1147 2895 militudo
1160 2838 1297 2909 putativae
1307 2836 1403 2893 carnis
1414 2836 1470 2892 tuit
1481 2837 1510 2892 in
1522 2853 1567 2909 eo,
1580 2839 1635 2894 sed
1649 2839 1724 2910 quia
1734 2855 1837 2896 carnem

1013 2928 1143 3000 suscepit
1165 2943 1274 2983 veram.
1291 2928 1384 2991 Quare
1407 2942 1475 2998 ergo
1491 2926 1573 2995 dixit,
1590 2928 1622 2984 in
1651 2927 1837 2986 similitudine

1012 3016 1128 3072 carnis?
1156 3016 1268 3071 Natura
1290 3031 1368 3081 vero,
1393 3031 1481 3087 quam
1505 3016 1654 3088 suscepit,
1672 3017 1780 3074 similis
1801 3021 1838 3074 est

1012 3105 1093 3160 carni
1109 3110 1229 3172 nostram
1247 3107 1399 3177 peccatum
1419 3119 1486 3159 vero
1511 3120 1708 3177 nequaquam
1735 3106 1836 3174 habuit,

132 3194 287 3251 velaminis
302 3193 479 3250 constitutus
493 3198 546 3265 est,
557 3193 648 3249 intrat
662 3193 740 3248 enirn
755 3193 898 3265 sauguine
914 3209 958 3249 as·
972 3181 993 3249 C
1013 3195 1090 3266 quod
1106 3198 1206 3250 nostra
1216 3210 1282 3249 caro
1293 3194 1329 3248 de
1345 3192 1515 3265 parentibus
1526 3194 1691 3250 contraxit.
1703 3196 1777 3261 Quia
1789 3194 1838 3251 tale

133 3300 244 3359 persus,
260 3285 388 3357 proprio,
403 3299 463 3359 pon
487 3282 592 3349 alieno,
609 3282 686 3339 sicut
709 3282 863 3354 pontifices
878 3282 955 3354 prio·

132 3389 189 3442 res,
207 3374 257 3445 qui
272 3372 415 3446 sanguine
429 3387 522 3426 vacca
537 3372 632 3426 rubra
647 3371 886 3443 aspergebantur.

168 3485 182 3512 «
199 3462 261 3517 Non
277 3461 354 3516 enim
371 3461 514 3515 habemus
530 3459 708 3532 pontificem,
722 3459 772 3531 qui
788 3476 847 3514 non
863 3459 956 3532 possit

132 3551 260 3622 compati
275 3548 494 3604 infirmitatibus
510 3547 627 3604 nostris.
641 3569 654 3597 a
668 3548 741 3613 Non,
757 3548 862 3620 inquit,
874 3548 954 3621 ignc-

132 3644 251 3712 ratque
267 3641 367 3694 nostra
378 3641 457 3693 suut.
468 3636 555 3692 Venit
570 3637 647 3692 enirn
664 3637 802 3708 perviam
817 3636 952 3693 bumana

130 3728 317 3797 conditionis,
333 3744 384 3799 per
406 3725 505 3782 omnia
528 3727 591 3782 siue
610 3730 738 3799 peccato,
754 3725 827 3781 nihil
852 3743 951 3783 secum

131 3819 264 3886 atterens,
281 3817 359 3872 unde
386 3815 473 3872 morti
500 3815 614 3871 debitor
636 3820 724 3883 esset,
741 3815 817 3870 sicut
842 3816 950 3888 ipsein

124 3905 284 3979 Evangelio
299 3910 436 3976 testatur,
449 3905 568 3960 dicens:
585 3928 596 3955 (ι
613 3903 700 3960 Venit
715 3905 792 3959 enim
814 3905 950 3978 princeps

129 3996 220 4068 hujus
235 3995 349 4064 mundi,
363 3995 433 4051 etin
449 4011 495 4050 me
510 4011 569 4050 non
584 3994 671 4050 hahet
683 3993 845 4066 quidquam
856 3995 949 4066 (loen.

117 4087 187 4155 xiv,
199 4086 273 4156 30).»
284 4085 366 4141 Multi
380 4084 532 4156 pontifices
545 4083 680 4156 ignorant
691 4099 740 4140 eos
751 4085 800 4155 qui
817 4085 845 4139 in
859 4085 949 4140 tribu-

128 4171 287 4229 lationibus
302 4171 454 4227 constituti
468 4175 547 4238 sunt,
560 4188 654 4242 neque
667 4189 730 4242 quae
746 4171 784 4226 sit
798 4171 949 4230 tribulatio

128 4260 158 4316 in
184 4261 314 4333 quolibet
340 4260 437 4316 sciunt
452 4277 459 4315 ε
473 4259 656 4332 impossibile
676 4261 784 4332 quippe
806 4266 850 4317 est
874 4263 949 4320 scire

127 4350 298 4406 afflictiones
311 4349 496 4415 afflictorum,
513 4349 549 4416 ei,
562 4351 612 4420 qui
627 4349 857 4421 experimentum
873 4351 949 4406 asni-

125 4439 230 4496 ctionis
246 4456 303 4494 non
319 4438 431 4505 hebuit,
448 4442 475 4493 et
491 4437 669 4494 sensibiliter
693 4436 790 4493 omnia
806 4456 863 4495 non
879 4424 946 4496 ¹sus-

1011 3283 1065 3339 luit
1080 3282 1219 3356 originale
1235 3285 1387 3352 peccatum
1402 3281 1432 3336 in
1447 3295 1533 3337 carne
1549 3281 1643 3354 primi
1662 3282 1838 3349 hominis,nl

1009 3372 1078 3429 inde
1093 3378 1121 3429 et
1142 3388 1236 3446 poena,
1252 3375 1281 3428 et
1304 3369 1466 3426 remedium
1490 3369 1551 3426 lieri
1577 3372 1743 3443 potuisset.
1760 3373 1836 3429 Pena

1009 3467 1037 3518 et
1062 3466 1213 3534 peccatum
1237 3460 1266 3515 in
1293 3459 1373 3516 omni
1398 3458 1527 3515 humano
1551 3475 1677 3532 genere,
1694 3460 1833 3534 praeteria

1008 3551 1179 3620 christeta
1196 3566 1253 3622 quo
1270 3548 1351 3605 salus
1366 3552 1395 3603 et
1418 3548 1580 3605 remedium
1597 3549 1667 3606 suit.
1684 3551 1750 3607 Non
1765 3550 1832 3607 enin

1008 3641 1196 3712 prmJudicata
1210 3643 1254 3694 est
1276 3653 1343 3694 caro
1359 3638 1513 3710 peccatrix,
1529 3638 1651 3695 atinde
1676 3639 1831 3697 remedium

1007 3731 1069 3784 lieri
1086 3746 1143 3784 non
1158 3728 1311 3800 potuisset.
1327 3726 1501 3782 Praeciebat
1515 3727 1651 3800 potentia
1667 3729 1728 3798 Dei,
1739 3727 1829 3802 quali·

1007 3824 1050 3874 ter
1059 3837 1094 3875 ex
1105 3819 1206 3875 eadem
1218 3833 1326 3886 massa,
1339 3815 1467 3888 justitia,
1479 3814 1615 3888 aequitas,
1630 3821 1660 3872 et
1675 3819 1829 3874 misericor·

1005 3909 1064 3978 dia,
1081 3912 1167 3980 atque
1183 3907 1276 3979 pietas
1291 3904 1441 3979 provenire
1455 3905 1609 3977 potuisset.

1043 4020 1056 4048 «
1071 3997 1220 4052 Adeamus
1234 4011 1302 4066 ergo
1317 4010 1385 4050 cum
1395 3994 1503 4049 fiducia
1518 3994 1554 4049 ad
1565 3993 1711 4052 thronum
1727 3996 1827 4070 gratia,

1005 4093 1037 4143 ut
1047 4084 1278 4144 misericordiam
1290 4099 1515 4155 consequamur,
1528 4086 1556 4138 et
1566 4084 1700 4156 gretiam
1711 4084 1828 4142 invenia-

1005 4195 1071 4233 mus
1096 4177 1124 4231 in
1150 4173 1258 4231 auxilio
1282 4177 1455 4245 opportuno.
1469 4172 1647 4229 »Adeamus
1674 4190 1747 4248 ergo
1769 4188 1827 4229 cum

1003 4266 1121 4332 fiducia,
1132 4265 1186 4320 hoc
1197 4267 1242 4320 est
1251 4264 1392 4318 adeamus
1404 4278 1455 4334 per
1465 4261 1553 4316 ildam
1565 4260 1600 4316 ad
1612 4261 1759 4320 thronum
1770 4277 1828 4336 gra·

1002 4356 1048 4410 tim
1064 4355 1137 4426 ejus.
1155 4353 1321 4408 Habeamus
1346 4349 1494 4415 fiduciam,
1506 4351 1643 4421 quamvis
1665 4357 1827 4425 peccatores

1002 4443 1106 4510 simus,
1115 4459 1166 4513 per
1176 4442 1239 4512 ejus
1251 4439 1376 4512 gratiam
1387 4438 1566 4494 reconciliari
1577 4453 1683 4509 posse;
1698 4439 1726 4497 si
1737 4445 1827 4497 tamar

124 4528 222 4584 tinuit.
239 4527 366 4585 Pontifex
378 4531 475 4583 autem
492 4530 592 4582 noster
606 4531 803 4599 competenter
817 4528 945 4601 primum
961 4550 985 4618 D
1001 4533 1114 4588 fructus
1129 4531 1234 4602 dignos
1250 4529 1406 4584 fecerimus
1427 4525 1612 4599 poenitentiae,
1626 4531 1658 4584 et
1676 4528 1768 4586 tidem
1783 4530 1827 4584 fir·

125 4617 224 4672 omnia
252 4617 484 4688 sustinuitque
514 4619 632 4672 fuerunt
661 4615 795 4670 humanm
823 4618 946 4674 miseria
1003 4636 1191 4691 mamusque
1209 4619 1238 4673 in
1256 4618 1344 4672 tinem
1369 4622 1532 4673 teneamus.
1549 4616 1634 4672 Nunc
1658 4634 1730 4674 vero
1755 4618 1827 4674 sedet

124 4703 206 4760 illata
230 4710 296 4778 post
320 4709 471 4777 peccatum
496 4704 581 4776 primi
606 4703 745 4771 hominis,
764 4709 792 4760 et
816 4709 886 4761 tunc
910 4708 945 4763 ad
1001 4710 1130 4784 pontifex
1145 4707 1340 4764 nosterlesus
1358 4705 1736 4787 Filiusinthronogratim
1754 4723 1827 4781 para·

123 4792 263 4851 interiora
275 4793 427 4850 velaminis
441 4795 476 4848 ad
488 4794 626 4850 thronum
643 4797 767 4867 paternae
784 4797 945 4867 majestatis
999 4803 1101 4856 tuaest
1111 4797 1262 4870 indulgere
1273 4795 1400 4869 peccatis
1411 4795 1519 4850 nostris
1531 4793 1560 4849 in
1572 4800 1745 4866 opportuno
1756 4795 1826 4852 auxi·

124 4882 265 4939 ascendit·
975 4958 977 4963 Ι
999 4890 1048 4945 Ιίο.
1060 4890 1264 4961 Opportunum
1275 4890 1392 4957 tempus
1402 4888 1446 4940 est
1458 4882 1568 4954 au'xilii,
1579 4887 1608 4938 et
1617 4884 1825 4943 misericordia

158 4996 173 5023 α
189 4973 344 5028 'lentatum
360 4975 457 5027 aulem
482 4972 652 5043 peremnia
675 4990 727 5045 pro
752 4972 944 5031 similitudine
998 4978 1090 5047 illius,
1107 4978 1182 5033 sicut
1206 4977 1261 5032 iste
1276 4976 1377 5031 doctor
1400 4973 1534 5047 egregius
1557 4971 1616 5028 alio
1642 4974 1720 5032 dixit
1745 4977 1822 5032 loco:

121 5061 233 5135 absque
248 5065 374 5134 peccato.
389 5083 403 5111 n
421 5062 561 5116 Tentatus
577 5067 674 5117 autem
691 5062 836 5135 siquidem
853 5064 944 5120 diver·
999 5092 1012 5119 «
1029 5070 1100 5124 Ecce
1125 5083 1204 5122 nunc
1226 5069 1344 5136 tempus
1367 5061 1553 5135 acceptabile,
1571 5077 1640 5119 ecce
1664 5081 1749 5122 nunc
1769 5064 1823 5121 dies

120 5152 161 5208 sis
177 5150 283 5223 modis,
306 5151 356 5207 sed
382 5167 439 5206 non
466 5155 631 5221 superatus.
648 5152 678 5205 ln
702 5151 942 5211 tribulationibus
997 5157 1101 5213 salutis
1114 5155 1152 5227 (ll
1166 5155 1226 5211 Cor.
1238 5171 1277 5219 vr,
1290 5152 1328 5224 2).
1344 5175 1358 5201 ι»
1373 5153 1407 5207 nt
1422 5150 1563 5223 propheta
1578 5150 1676 5208 multo
1691 5162 1763 5210 ante
1777 5153 1823 5208 hoc

117 5241 271 5312 probatus,
283 5240 392 5312 ubique
410 5240 502 5295 victor
516 5238 670 5311 gloriosus.
683 5241 824 5297 Tentatus
846 5247 891 5298 est
917 5243 941 5299 si
997 5248 1074 5302 idem
1090 5244 1190 5300 auxilii
1206 5242 1361 5315 opportuni
1384 5244 1501 5312 tempus
1517 5237 1692 5312 significans
1705 5260 1733 5298 :a
1747 5243 1823 5298 Tem·

118 5330 235 5399 quidem
252 5348 303 5402 pro
318 5328 511 5387 similitudine
522 5329 618 5384 carnia
632 5329 743 5400 absque
755 5335 881 5402 peccato.
894 5332 940 5387 Si·
995 5352 1074 5408 pore,
1087 5334 1193 5406 inquit,
1206 5336 1369 5405 opportuno
1382 5328 1515 5386 exaudivi
1526 5332 1564 5398 te,
1576 5332 1605 5384 et
1621 5328 1653 5385 in
1664 5329 1714 5387 die
1725 5329 1823 5388 salutis

112 5415 284 5475 'militudine
299 5420 397 5492 itaque
420 5417 517 5476 caruis
532 5418 658 5490 peccati,
675 5419 725 5474 sed
750 5423 848 5477 tamen
872 5438 939 5479 caro
995 5424 1092 5496 adjuvi
1108 5421 1377 5496 tellau.xu1x,8).a
1397 5420 1432 5474 nt
1447 5434 1523 5475 nunc
1546 5422 1614 5491 post
1639 5419 1822 5492 baptismum

116 5502 195 5561 illius
207 5507 317 5580 absque
328 5509 408 5565 omni
421 5512 538 5583 peccato
551 5507 616 5564 luit.
628 5508 807 5580 Quapropter
817 5511 852 5567 de
867 5511 938 5567 scri·
993 5516 1147 5588 peccantes
1169 5510 1298 5567 invenire
1322 5507 1564 5581 miscricordiam,
1576 5506 1601 5564 si
1618 5510 1822 5583 paenitentiam

115 5593 211 5678 pluris
234 5611 359 5671 agnosco
378 5597 568 5670 dissimilem
586 5597 623 5656 de
644 5596 798 5673 scripturis
822 5616 937 5659 mecum
993 5602 1114 5676 egerint,
1124 5600 1223 5678 gratia
1233 5602 1278 5658 est
1290 5597 1370 5657 illiue
1386 5597 1437 5683 qui
1450 5597 1526 5660 sodli
1538 5597 1568 5655 in
1581 5597 1693 5660 throno
1708 5600 1816 5679 gratia,
