3908 6096
116 329 178 392 aaa
391 330 598 395 expostulo
620 331 660 394 ΙΝ
681 328 896 394 EPISTULAS
918 328 1048 392 saum.
1065 361 1102 373 —
1125 331 1164 390 ΙΝ
1186 330 1310 394 FPlS'F.
1333 329 1359 392 ll
1381 331 1432 393 aa
1454 328 1542 394 COR.
1756 324 1816 387 m

118 461 466 520 atminorisaucloritatis
477 481 540 520 esse
551 465 940 535 monstrarentouapropter
953 464 981 528 Α
995 477 1087 516 nuum
1097 460 1307 531 laboribus,vel
1316 463 1439 519 aliarum
1448 461 1641 517 Ecclesiarum
1650 457 1815 532 stipendiis,

118 549 312 607 eumlocutus
323 554 574 608 luissetadversus
585 554 772 625 falsos,etpro
782 552 942 606 verisnunc
997 551 1047 605 sed
1064 550 1150 604 eliam
1163 566 1215 604 nec
1226 553 1427 623 tune,quaudo
1438 549 1603 621 patiebatur
1612 549 1814 620 indigentiam.

117 654 187 695 varo
202 643 231 693 et
245 638 375 710 loquitur
391 641 530 696 adversus
543 658 602 707 eos,
617 642 666 711 qui
683 641 713 694 in
739 639 942 711 predicatione
997 637 1079 695 Unde
1090 638 1160 692 dicit
1174 639 1276 693 beatus
1287 657 1362 712 papa
1384 639 1557 711 Gregorius:
1574 638 1627 704 Qui
1643 637 1720 692 enim
1736 652 1816 693 com·

118 727 292 799 eloquentia
300 729 627 800 requirebantnilorem.
638 730 668 783 Si
676 728 942 800 liuperituainquit,
997 727 1229 801 prehendere,vel
1240 745 1375 784 enarrare
1383 729 1459 784 valet
1471 729 1581 785 viscera
1592 726 1816 798 Pauli‘lQuippe,

117 831 254 882 sermone,
270 822 323 871 etc.
341 818 424 888 quasi
450 818 588 873 dixisset:
614 821 671 872 Cur
692 818 779 872 etiam
805 817 877 870 mihi
894 831 943 871 eos
998 833 1065 872 curn
1078 814 1819 886 ministraretCorinthiisalimoniamcibispiritalie

117 903 208 960 vultis
225 906 367 975 praelerre,
383 906 478 976 quiin
495 906 697 978 predicatione
711 905 881 977 eloquentiae
897 920 942 959 re·

119 993 244 1065 quirunt
259 993 406 1049 nitorem?
420 995 494 1061 Non,
520 996 651 1065 inquam,
675 1012 723 1051 eos
744 996 856 1051 debetis
872 992 942 1047 mihi

119 1083 265 1155 preferre,
278 1083 346 1153 qula
355 1083 409 1138 etsi
421 1084 506 1153 periti
517 1084 639 1150 sunt‚ibl
649 1085 757 1155 quippe
766 1090 834 1138 sunt
848 1083 943 1154 periti,

120 1172 172 1228 ubi
188 1171 348 1244 perieulum
365 1189 429 1228 esse
445 1177 541 1244 potest
553 1190 559 1228 :
571 1190 624 1244 ego
640 1178 748 1236 autem,
760 1174 814 1228 etsi
830 1172 945 1243 imperi·

120 1263 171 1317 tus
185 1274 263 1325 som,
275 1260 316 1314 ibi
331 1277 396 1316 sum
413 1261 578 1333 imperitus,
590 1262 638 1316 ubi
648 1260 761 1316 nullum
777 1261 853 1315 inest
870 1260 944 1332 peri-

121 1347 222 1405 oulum
239 1365 246 1417 3
259 1348 328 1421 quia
340 1350 364 1405 si
376 1365 443 1404 eum
457 1348 611 1421 imperitus
621 1365 763 1406 sermone:
774 1367 831 1405 non
847 1354 944 1404 tamen

122 1436 255 1493 seientia.
277 1441 376 1492 Potest
399 1438 476 1493 enirn
492 1437 600 1509 aliquis
615 1439 748 1509 perlectae
764 1439 841 1503 fidei,
858 1441 945 1508 atque

122 1524 251 1582 seientia
267 1527 455 1595 esse,tardus
470 1530 567 1581 tamen
583 1526 613 1581 in
629 1525 944 1582 locutione.Seiendum

121 1614 945 1686 tamanuiaquaripotestcursedicatimperitum,cum

123 1703 201 1758 dieat
212 1703 315 1758 Festus
326 1703 361 1758 da
371 1701 422 1758 illo
435 1721 441 1758 ε
454 1703 584 1772 OPaole,
595 1704 692 1760 mullae
702 1705 803 1760 litterae
818 1712 843 1758 te
852 1703 888 1758 od
902 1699 951 1756 iu->

998 905 1115 960 nolebat
1130 907 1166 959 ab
1179 906 1221 959 ais
1241 905 1369 975 accipere
1394 906 1563 961 alimoniam
1576 904 1633 960 cibi
1648 901 1818 974 corporalis.
1873 900 1878 907 ’

998 994 1050 1058 Qui
1068 994 1145 1048 enim
1162 998 1295 1049 nostrum
1311 993 1439 1065 aliquem
1455 995 1574 1050 divitem
1590 1011 1643 1049 sua
1655 1009 1732 1047 nunc
1748 1008 1819 1064 pra·

999 1082 1317 1139 dicatiouetraheretad
1330 1083 1416 1137 fidem
1429 1099 1435 1136 :
1454 1083 1478 1137 si
1493 1082 1600 1138 videret
1610 1099 1677 1136 eum
1689 1085 1820 1137 tenacem

999 1187 1067 1243 arga
1082 1188 1122 1235 se,
1140 1188 1198 1225 non
1216 1171 1449 1241 reprehenderet,
1465 1188 1523 1226 non
1539 1172 1624 1226 etiam
1636 1168 1821 1241 increparet?

999 1261 1070 1317 Nom
1083 1262 1158 1331 qrtod
1170 1261 1431 1326 miltideerol‚eto.;
1450 1259 1478 1313 id
1495 1263 1539 1313 est
1563 1259 1660 1314 labore
1679 1274 1821 1314 manuum

999 1350 1152 1421 acquirere
1167 1365 1223 1404 non
1240 1352 1382 1421 poteram,
1392 1349 1584 1420 suppleverunt
1598 1349 1708 1417 [ratres.
1720 1347 1823 1402 Nema

1001 1439 1097 1511 prima
1112 1439 1185 1493 bora
1195 1439 1252 1492 diei
1263 1453 1357 1508 usque
1368 1436 1554 1508 adquinlam,
1565 1436 1701 1491 manibus
1711 1434 1823 1490 labora·

1000 1527 1062 1592 bat,
1077 1532 1108 1581 ul
1125 1527 1181 1582 sibi
1192 1527 1301 1581 vietum
1318 1526 1480 1597 acquireret
1492 1542 1526 1594 ;a
1541 1524 1644 1597 quinta
1652 1540 1719 1579 vero
1731 1539 1824 1594 usqua

1001 1615 1036 1672 ad
1055 1616 1240 1671 undecimam
1254 1615 1442 1686 predicabat,
1453 1618 1481 1670 et
1495 1614 1566 1670 adeo
1578 1612 1710 1679 viriliter,
1721 1615 1755 1667 ut
1768 1610 1825 1667 sibi

1001 1705 1171 1761 resistentes
1198 1721 1328 1776 paganos
1344 1704 1508 1775 superando
1523 1704 1558 1758 ad
1575 1703 1661 1757 linem
1686 1700 1823 1756 traheret.

122 1794 235 1847 soniam
256 1796 416 1847 conpetant
439 1794 507 1859 (Act.
531 1810 608 1860 xxxi,
633 1793 689 1863 24).
713 1793 769 1848 Sed
795 1791 945 1847 sciendum
1003 1794 1056 1862 Qui
1070 1801 1202 1849 evenerum
1217 1810 1233 1847 u
1248 1793 1417 1858 Macedonio.
1441 1793 1497 1848 Sed
1514 1808 1604 1863 quare
1619 1791 1655 1846 ab
1670 1789 1735 1845 istis
1750 1789 1825 1845 acci·

123 1880 205 1952 quia,
215 1881 301 1950 juxta
312 1882 390 1952 quod
406 1882 448 1937 ait
462 1882 576 1949 Festus,
588 1881 691 1937 multis
706 1881 810 1936 litteris
826 1885 888 1934 erat
903 1880 947 1933 iu·
1004 1882 1126 1955 plebat?
1141 1882 1214 1946 Quin
1228 1899 1285 1937 non
1302 1887 1385 1937 erant
1400 1880 1512 1954 decepti
1528 1898 1545 1935 a
1563 1878 1825 1952 pseudoapostolis.

123 1974 273 2025 structus:
295 1975 497 2026 verumtamen
513 1987 603 2026 causa
631 1969 807 2025 humilitatis
832 1987 863 2024 se
876 1969 949 2023 dixit
1002 1972 1044 2026 Ab
1060 1971 1125 2026 ielis
1138 1987 1205 2025 vero
1221 1969 1338 2026 nolebat
1352 1971 1491 2039 accipere,
1503 1986 1539 2025 ne
1554 1968 1735 2024 occasionem
1750 1967 1826 2023 acci·

123 2057 464 2130 imperitumSequitur:
483 2061 513 2114 lu
534 2061 660 2115 emeritus
680 2060 871 2129 manifestatus
889 2074 948 2111 sum
1003 2060 1101 2132 piendi
1116 2058 1378 2131 pseudoapostolis,
1395 2059 1445 2129 qni
1460 2059 1596 2114 intereos
1611 2066 1703 2127 erant,
1719 2056 1826 2112 tribue·

123 2146 218 2208 uobis:
234 2146 289 2201 hoe
312 2150 366 2214 est,
392 2148 596 2203 manilestatus
621 2165 697 2212 sum,
714 2149 854 2218 quianon
870 2163 949 2200 vane
1004 2155 1057 2204 ret.
1073 2153 1108 2204 Et
1123 2151 1152 2203 in
1169 2148 1294 2203 omuibus
1316 2150 1375 2204 siue
1400 2149 1502 2204 bonore
1524 2147 1609 2216 (761),
1639 2151 1693 2201 eto.
1711 2163 1718 2214 ς
1735 2146 1762 2201 id
1784 2149 1829 2200 est

123 2234 224 2289 laudis
251 2251 349 2305 causa,
376 2243 427 2290 aut
451 2238 556 2291 terreni
574 2241 704 2309 quastus
720 2235 882 2308 predicavi,
899 2235 949 2289 sed
1004 2254 1061 2293 non
1079 2237 1172 2292 solum
1190 2237 1218 2290 in
1231 2238 1305 2306 cibo,
1318 2241 1361 2292 vel
1378 2237 1407 2291 in
1424 2236 1572 2308 polu,.sed
1588 2234 1676 2290 etiam
1691 2234 1721 2289 in
1737 2233 1826 2290 servi-

124 2338 215 2377 causa
230 2319 332 2380 v'ertre
347 2323 460 2380 salutis.
472 2325 675 2380 Manifestatus
690 2341 756 2380 sum
772 2324 869 2390 eliam,
881 2325 951 2394 quia
1004 2327 1055 2390 tio,
1071 2328 1100 2381 in
1117 2327 1267 2397 obsequio,
1284 2331 1312 2380 et
1326 2326 1355 2380 iu
1382 2327 1492 2381 celeris
1508 2323 1616 2380 talibus
1641 2323 1703 2379 siue
1719 2323 1828 2378 honore

127 2428 187 2467 nou
208 2429 242 2467 ex
257 2413 410 2469 verborum
436 2414 546 2486 inopia,
563 2415 612 2469 sed
629 2413 725 2485 potius
741 2413 923 2469 abundantia
940 2431 946 2480 3
1004 2416 1055 2470 sni.
1073 2417 1107 2471 Et
1123 2432 1157 2470 ue
1173 2420 1309 2486 putarent
1324 2414 1364 2469 illi
1381 2416 1417 2470 ob
1445 2415 1499 2470 hoc
1521 2431 1588 2469 eum
1613 2412 1720 2468 dixisse
1737 2411 1825 2479 istud,

125 2502 186 2557 sive
201 2501 408 2558 manifestatus
422 2519 488 2558 sum
508 2502 601 2575 signis
616 2507 703 2574 atque
718 2504 885 2558 virtutibus.
1005 2505 1082 2575 quod
1099 2505 1134 2559 ab
1152 2506 1193 2559 eis
1210 2503 1339 2575 accipere
1354 2504 1448 2573 vellet,
1464 2503 1527 2558 ideo
1543 2502 1714 2571 subJunxit:
1731 2501 1827 2555 Serum

162 2591 318 2662 Sequitur:
331 2591 384 2646 Aut
408 2592 534 2663 uultquid
549 2595 688 2663 peceatum
702 2593 766 2662 feei,
783 2597 855 2658 ete.;
873 2609 905 2646 ac
925 2592 949 2647 si
1004 2595 1032 2648 vi
1046 2601 1072 2649 et
1085 2594 1216 2655 servulo:
1234 2593 1317 2664 quasi
1335 2591 1460 2647 diceret:
1485 2591 1568 2647 Absit
1592 2595 1624 2646 ut
1638 2607 1701 2663 ego,
1718 2589 1767 2661 qui
1783 2605 1827 2644 se-

126 2679 261 2735 dixisset:
276 2679 407 2747 Nullum,
418 2681 550 2752 inquam.
568 2687 719 2754 peceatum
735 2682 789 2737 leci
800 2683 876 2753 apud
888 2697 948 2748 vos,

127 2769 333 2840 propterquod
350 2769 484 2840 preferre
495 2769 568 2824 mihi
580 2770 711 2826 debeatis
724 2771 951 2842 pseudoaposto-

126 2857 182 2922 los,
199 2857 254 2913 nisi
270 2857 300 2912 in
316 2857 370 2913 hoe
386 2860 458 2914 lorte
472 2858 676 2930 peccavl,quia
691 2877 755 2929 que
771 2864 866 2914 vestra
882 2862 952 2914 sunt

128 2962 187 3001 nou
196 2946 319 3014 abstuli;
330 2953 358 3002 et
369 2946 600 3017 sihancoulpam
613 2947 948 3018 leci,iguoscite,queso:

128 3039 247 3108 propter
261 3035 315 3090 hoe
334 3035 411 3090 enim
424 3036 519 3106 magis
531 3034 572 3090 illl
581 3036 735 3101 timebant,
752 3037 821 3106 quis
832 3035 904 3092 nihil
916 3037 951 3091 ab

126 3123 169 3180 eis
186 3124 377 3196 accipiebant,
388 3130 505 3196 propter
522 3125 702 3195 quodetiam
724 3125 950 3196 pseudoaposto-

1006 2683 1062 2737 mel
1079 2681 1235 2737 deliberavi
1258 2676 1470 2752 nunccupare,
1488 2686 1519 2736 ut
1534 2681 1686 2751 accipiam.
1703 2678 1768 2734 Sive
1783 2693 1828 2732 sa-

1005 2773 1134 2826 cundum
1151 2771 1313 2842 quosdam:
1330 2770 1453 2825 Servabo
1467 2786 1513 2825 me
1529 2785 1683 2841 quousque
1703 2768 1829 2841 pseudo·

1006 2859 1154 2930 apostolos
1170 2859 1308 2913 intervos
1323 2859 1497 2913 habueritis.

1042 2952 1089 3002 Fal
1112 2949 1213 3002 steriles
1230 2947 1332 3002 Christi
1345 2950 1374 3002 in
1390 2964 1443 3001 me.
1470 2947 1557 3012 Quasi
1583 2946 1678 3000 dicat:
1695 2945 1775 3000 Sicut
1800 2945 1829 3000 iu

1006 3036 1120 3092 Christo
1135 3053 1192 3090 non
1204 3041 1306 3103 estest,
1318 3041 1419 3099 etuon,
1432 3034 1512 3090 itain
1523 3050 1579 3101 me,
1597 3033 1647 3105 qui
1663 3034 1830 3088 membrum

1007 3124 1087 3180 illius
1103 3125 1262 3179 existimor.
1278 3127 1336 3196 ligo
1353 3125 1528 3185 membrum.
1543 3122 1592 3178 ille
1602 3128 1712 3190 auctor,
1728 3138 1832 3195 agore·

127 3212 183 3276 los.
194 3211 238 3268 illi
255 3213 453 3284 preferebant,
471 3212 610 3283 quoniam
627 3214 721 3284 magis
735 3230 766 3267 se
779 3214 814 3268 ab
830 3213 952 3285 ipsisdi-
967 3193 989 3259 G
1008 3214 1128 3285 cipiens,
1145 3213 1192 3267 ille
1202 3215 1377 3284 praecedens,
1394 3229 1446 3284 ego
1461 3213 1655 3282 subsequens.
1667 3213 1761 3274 Quare
1775 3209 1831 3265 hoe

126 3303 260 3373 ligabant
274 3303 362 3372 (758l:
381 3300 424 3355 illi
445 3317 573 3372 namque
592 3318 624 3356 eo
641 3318 672 3356 se
695 3302 852 3356 credebant
867 3319 950 3357 sanc·
1006 3302 1137 3372 dixisset,
1149 3303 1267 3357 subdit:
1285 3304 1421 3370 Quoniam
1443 3302 1501 3358 baec
1514 3299 1613 3368 qloriu,
1631 3303 1684 3354 etc.
1701 3296 1830 3354 Gloriam

123 3389 227 3451 tiores,
245 3405 302 3459 quo
316 3390 358 3444 eis
374 3393 456 3444 erant
480 3390 639 3461 gratiores;
656 3394 684 3445 et
707 3390 773 3445 ideo
788 3390 835 3448 illi
846 3392 881 3445 ad
898 3392 950 3445 tri·
1006 3409 1090 3447 suam
1110 3390 1246 3462 appellat,
1264 3395 1381 3462 accepta
1403 3394 1545 3462 potestate
1570 3406 1627 3444 non
1653 3388 1706 3443 uli.
1733 3388 1766 3442 llll
1783 3387 1830 3442 hie

125 3477 279 3532 buendum
302 3472 411 3532 fiebant
436 3478 614 3533 libentiores.
638 3479 674 3533 Et
699 3479 863 3546 sciendum,
881 3479 952 3549 quia
1005 3481 1143 3550 ostendit,
1156 3480 1226 3552 quia
1241 3482 1318 3551 quod
1334 3479 1382 3535 ille
1398 3497 1454 3535 uon
1471 3483 1632 3551 acceperat,
1648 3476 1742 3550 gloria
1756 3480 1829 3543 erat,

125 3564 343 3635 pulchredieit:
357 3566 526 3621 Humilicns:
539 3566 608 3637 quid
620 3567 950 3640 enimbumilius,quam
1006 3586 1063 3625 uon
1077 3576 1226 3640 peecatum
1242 3588 1248 3637 3
1271 3570 1347 3624 unde
1362 3569 1517 3641 superius:
1534 3567 1677 3638 Numquid
1690 3574 1830 3638 peccalum

126 3661 246 3726 accepta
255 3658 398 3726 potestate
420 3672 477 3711 non
494 3655 560 3711 uti‘l
576 3655 639 3710 Hac
664 3672 781 3728 quoque
796 3657 950 3713 humilitas
1003 3660 1057 3731 [eci
1067 3663 1081 3713 ?
1095 3661 1153 3714 Noe
1169 3661 1348 3730 infrinpctur,
1365 3664 1419 3715 etc.
1438 3677 1444 3726 ;
1471 3659 1498 3713 id
1515 3663 1568 3725 est,
1596 3657 1665 3729 quia
1680 3673 1738 3712 non
1753 3656 1828 3711 acci·
1926 3693 1928 3697 ,

127 3744 255 3799 multum
295 3745 332 3799 ad
361 3744 579 3799 Corinthiorum
610 3745 752 3800 attinebat
785 3745 948 3801 libertatem
1006 3749 1191 3820 piamztuuc
1207 3748 1314 3801 etenim
1338 3747 1524 3818 iniringetur,
1542 3747 1566 3801 si
1582 3745 1752 3816 accepisset.
1770 3744 1827 3800 Sed

126 3832 220 3903 (759).
238 3835 267 3887 et
280 3832 345 3888 ideo
361 3831 451 3887 dicit:
468 3834 500 3889 lli
520 3848 566 3887 vos
579 3833 762 3894 auctumni,-
778 3835 917 3903 quoniam
933 3852 949 3887 a
1006 3837 1196 3907 querendum
1211 3840 1264 3900 est,
1283 3851 1348 3890 cum
1364 3836 1501 3906 superius
1516 3850 1564 3888 eos
1576 3835 1611 3887 ad
1628 3850 1703 3903 opus
1714 3833 1829 3887 miseri-

127 3921 327 3978 dominatioue
342 3920 482 3976 laieorum
496 3921 618 3992 apostoli
632 3920 842 3976 liberabantur.
1005 3924 1109 3978 cordiae
1127 3927 1320 3994 provocasset,
1338 3939 1428 3993 quara
1443 3938 1520 3975 nunc
1535 3921 1623 3974 dicit:
1641 3921 1700 3975 Nou
1722 3921 1828 3989 iufrin-

163 4010 277 4080 thuia
306 4013 420 4079 poterat
435 4009 542 4079 aliquis
560 4009 670 4064 dicere:
686 4009 836 4072 Quomodo
853 4013 880 4065 te
895 4010 949 4065 bu·
1003 4015 1083 4082 petur
1097 4013 1128 4065 in
1144 4027 1196 4064 mc.
1215 4011 1281 4063 ldeo
1298 4010 1367 4078 quia
1388 4026 1444 4062 nou
1463 4025 1521 4062 suu
1538 4008 1721 4062 necessitatis
1740 4023 1828 4061 causa

127 4097 259 4163 miliasti,
274 4102 306 4152 ut
321 4114 374 4153 nos
401 4096 606 4167 exaltaremur,
621 4096 717 4166 iuquit
733 4099 805 4168 lpse,
822 4100 951 4168 quonium
1005 4099 1175 4170 accipiebat,
1198 4098 1247 4152 sed
1264 4101 1381 4168 propter
1395 4112 1555 4168 pauperes,
1572 4095 1623 4167 qul
1638 4094 1829 4167 ierosolymis

123 4188 212 4259 pretia
232 4188 415 4257 aucupatum
430 4187 536 4242 Christi
555 4186 743 4256 euauqeliscui
755 4187 839 4241 suebis.
857 4188 891 4240 Ε(
906 4195 951 4243 ast
1005 4188 1213 4245 consistebant.
1227 4188 1309 4242 Tunc
1323 4184 1415 4257 gloria
1428 4187 1493 4258 eJus
1507 4184 1756 4258 iulr'ingeratur,si
1768 4200 1827 4238 sue

125 4289 233 4331 sensus
246 4291 253 4330 :
268 4273 347 4329 Nihil
364 4272 477 4329 avobis
492 4272 639 4344 accipiens
654 4289 705 4343 per
720 4289 841 4338 annum,
859 4280 886 4330 et
902 4293 952 4331 sex
1005 4277 1186 4334 necessitatis
1200 4293 1288 4330 causa
1303 4275 1473 4347 accepisset.

125 4379 255 4429 mensas,
267 4362 437 4419 annuntiavi
451 4361 533 4418 vobis
549 4360 757 4433 Evangelium:
774 4367 812 4427 et,
828 4378 863 4417 ne
880 4364 951 4419 lorte
1042 4369 1150 4436 Quare?
1163 4365 1252 4430 Quasi
1277 4365 1409 4421 diceret:
1432 4365 1515 4420 Forte
1530 4364 1594 4419 ideo
1619 4362 1827 4434 confringetur,

125 4450 299 4508 incredibile
314 4452 368 4507 hoe
383 4452 540 4518 videretur,
570 4451 743 4521 subjunxit:
769 4451 951 4508 Aliachele·
1006 4457 1144 4527 quianon
1168 4454 1327 4522 dilipcuos,
1346 4458 1374 4509 et
1400 4454 1464 4509 ideo
1494 4469 1550 4508 non
1568 4451 1732 4522 accipiam‘l
1753 4450 1827 4505 Non.

124 4543 184 4597 sias
194 4542 425 4613 exspoliandam„
436 4541 519 4611 quasi
532 4540 674 4595 dixisset:
686 4539 952 4597 abaliisucolesiis
970 4561 991 4624 D
1006 4545 1079 4608 Quia
1092 4559 1144 4615 ego
1156 4542 1245 4614 diligo
1254 4543 1447 4615 v0s‚etmagis
1457 4541 1669 4611 vosdiligonon
1684 4539 1828 4611 accipien-

125 4636 266 4702 sumptus
281 4629 389 4702 accepi,
405 4635 439 4685 ut
453 4630 535 4685 vobis
546 4629 702 4702 predicare
718 4630 952 4686 sullireremlta-
1008 4635 1056 4698 do,
1073 4649 1161 4703 quam
1179 4631 1365 4703 accipiendo:
1391 4635 1419 4684 et
1434 4634 1466 4684 ut
1480 4629 1615 4684 ostendat
1628 4644 1677 4683 eos
1697 4627 1827 4699 diligere,

124 4735 184 4791 qua
200 4736 236 4776 ne
252 4736 372 4791 parvum
390 4736 454 4775 esse
469 4720 628 4785 videretur,
645 4719 723 4790 quod
739 4720 812 4790 (760)
835 4721 871 4774 ab
887 4720 953 4775 aliis
1008 4721 1126 4776 subdit:
1143 4721 1213 4775 Deus
1238 4722 1290 4773 scit
1300 4736 1310 4780 ;
1337 4723 1369 4772 ut
1392 4718 1462 4772 dum
1487 4716 1529 4772 illi
1545 4733 1611 4772 eum
1628 4717 1762 4783 audiunt,
1778 4716 1828 4788 qui

124 4806 316 4864 Ecclesiisad
342 4823 443 4863 eorum
474 4806 600 4863 salutem
630 4811 790 4877 acceperat,
820 4807 953 4864 ideotale
1008 4809 1140 4865 omnium
1153 4807 1266 4863 occulta
1277 4806 1407 4862 cordium
1421 4806 1549 4872 novit,ad
1560 4805 1757 4861 ostensionem
1769 4821 1827 4860 sua

122 4896 250 4953 verbum
279 4896 386 4968 posuit,
417 4895 471 4950 boc
495 4898 549 4963 est,
570 4895 734 4966 exspoliavi.
761 4895 821 4950 Hoc
836 4913 953 4968 quoque
1007 4896 1172 4953 dilectionis
1184 4896 1318 4961 traxisse,
1335 4895 1405 4951 certi
1416 4895 1451 4950 de
1462 4896 1616 4951 dilectione
1627 4895 1826 4951 redderentur.

124 4984 294 5054 sciendum,
310 4983 380 5055 quia
395 4999 453 5054 quo
468 4981 542 5037 nihil
559 4998 591 5038 se
606 4983 732 5039 ostendit
747 4984 893 5055 accepisse
917 4987 953 5041 ab
1008 4985 1083 5055 Quod
1097 4989 1187 5040 autem
1201 4986 1292 5063 socio,
1306 4991 1333 5039 el
1346 4987 1466 5055 socium:
1482 4985 1510 5040 id
1526 4990 1580 5053 est,
1597 4986 1674 5040 sieut
1687 4983 1828 5037 haetenus

126 5072 198 5146 illis,
214 5088 249 5129 eo
264 5072 358 5145 magis
374 5072 422 5128 isti
438 5076 604 5144 gravantur.
1007 5093 1064 5131 non
1081 5075 1189 5144 accepi,
1206 5091 1263 5129 non
1280 5074 1438 5146 accipiam:
1456 5079 1484 5131 et
1508 5074 1563 5131 hoe
1578 5080 1632 5141 est,
1649 5072 1726 5143 quod
1742 5083 1829 5139 supe·
1908 5100 1911 5103 >

163 5162 320 5235 Sequitur:
337 5163 371 5217 Et
386 5176 545 5217 cumessam
559 5160 636 5231 opud
651 5177 708 5228 uos,
724 5164 750 5217 et
764 5176 882 5231 eperum,
897 5165 951 5218 etc.
1007 5164 1069 5221 rius
1084 5164 1213 5218 dixerat:
1231 5162 1353 5231 Seruuci,
1366 5169 1392 5220 et
1406 5166 1525 5220 servabo.
1542 5164 1634 5228 Quare
1650 5157 1827 5214 manifestat.

125 5251 205 5308 Sane
220 5251 393 5318 notandum,
409 5248 548 5321 quianon
564 5248 660 5304 solum
675 5254 744 5304 tunc
760 5249 834 5304 nihil
846 5250 881 5305 ab
896 5248 953 5305 illis
1009 5254 1039 5309 Ut
1054 5254 1194 5322 amputem
1215 5253 1394 5319 occasionem,
1415 5257 1468 5307 etc.
1494 5245 1730 5319 Pseudoapostoli
1752 5246 1828 5302 vole·

124 5339 260 5411 accipere
275 5337 375 5406 voluit,
387 5339 504 5410 quando
515 5338 686 5393 abundabat
700 5337 953 5410 propriarumma·
1007 5341 1078 5397 bant
1092 5339 1263 5411 Apostolum
1287 5341 1428 5413 accipere,
1443 5346 1475 5395 ut
1500 5339 1542 5395 illi
1557 5336 1739 5392 occasionem
1755 5335 1830 5392 acci·

162 5465 229 5534 (758
254 5463 385 5519 Fortasse
398 5462 482 5534 dilipi
505 5463 662 5530 madebunt,
685 5466 729 5517 uet
750 5462 950 5533 iutelliqeiuut.

174 5537 229 5590 759
255 5535 388 5591 Fortasse
403 5536 609 5591 liberalitatem.

174 5607 229 5662 760
242 5606 288 5663 -In
303 5611 401 5680 autog.
417 5606 479 5667 loco
492 5605 562 5679 qued
575 5604 684 5678 legitur
696 5620 740 5662 ne.

1042 5465 1116 5533 (761)
1132 5462 1218 5536 Vulg.
1236 5481 1343 5520 onere:
1368 5470 1465 5588 autoq.
1486 5478 1551 5516 vero
1572 5460 1616 5515 his
1632 5475 1715 5516 auore
1730 5459 1827 5517 habet.

1007 5538 1041 5589 et
1056 5536 1096 5591 ita
1110 5536 1169 5592 fere
1184 5552 1301 5608 semper
1310 5538 1428 5592 verbnm
1461 5548 1603 5589 ouercum
1617 5531 1755 5590 damnatis
1765 5532 1829 5590 suis
1844 5593 1845 5596 Ἴ

1006 5606 1070 5664 sine
1084 5606 1180 5665 littera
1195 5608 1213 5664 li
1227 5607 1370 5680 scriptum
1385 5604 1500 5678 legitur.
