3922 6098
90 270 133 329 ra
185 270 188 275 ’
432 246 440 254 ’
527 265 579 326 nn
600 262 825 324 saussaius
849 262 1178 326 accensusque.
1196 266 1349 330 -eaes
1372 270 1409 331 u.
1786 286 1825 344 ῃ
1868 311 1870 318 ,

91 420 153 461 non
169 397 311 475 potastin
329 396 378 454 his
394 397 513 469 quaed
531 396 637 453 faciem
654 398 726 452 sunt
742 411 833 467 prava
848 394 946 450 subri-
960 395 1050 462 Adia
1071 395 1256 456 solummodo
1280 402 1504 463 retributionem
1534 414 1677 483 querunt,
1693 411 1714 468 ii
1739 413 1827 472 nimi.

92 489 286 567 pera,oallide
297 486 397 560 specie
409 485 497 558 quasi
510 483 945 558 pietatisinjectanititursup·
1002 502 1068 540 rum
1084 487 1162 558 quod
1177 490 1269 558 gratis
1288 499 1474 564 aeceperunt,
1489 498 1581 569 gratie
1595 516 1654 556 nou
1676 501 1824 574 tribuunt,

91 585 240 655 plantare,
256 579 424 648 suadetque
441 574 570 630 forsitan
586 573 697 630 debere
713 573 751 627 ab
767 571 946 628 habentibus
1002 574 1072 644 quia
1087 575 1122 630 de
1136 574 1267 648 impenso
1283 578 1378 635 olllcio
1394 585 1562 642 sanctitatis
1573 604 1729 646 nummum
1744 607 1828 665 expe·

91 670 199 743 accipi,
214 672 247 725 ut
262 668 288 724 si
309 665 388 738 quod
413 662 513 736 possit
528 679 588 718 non
605 659 793 717 habentibus
819 659 944 731 erogari,
1001 664 1068 716 tunt
1083 662 1198 720 favoris.
1215 665 1295 721 Unde
1309 668 1383 724 bene
1397 686 1465 727 cum
1476 673 1593 744 justum
1607 676 1704 735 virum
1720 679 1828 737 deacri-

92 759 256 816 dummodo
270 755 315 814 val
330 755 373 812 sio
385 768 502 809 venena
517 749 679 806 mortifera
690 747 887 820 eleemosyna
903 763 947 803 ce·
1003 749 1085 805 beret
1094 751 1235 824 propheta
1250 755 1308 812 ait:
1327 758 1380 825 Qui
1391 763 1495 816 excutit
1512 780 1612 821 manas
1627 782 1690 822 suae
1701 768 1736 824 oh
1751 771 1827 828 maai

94 848 158 904 lata
166 846 388 905 obumbratione
396 840 606 898 transfundat.
616 836 817 906 Nequeenim
827 837 949 893 eleemc-
1002 854 1117 896 munere
1132 841 1207 911 (leci.
1226 857 1326 915 xxr1u,
1340 846 1395 917 15).
1407 847 1507 921 Neque
1521 852 1599 907 enim
1615 853 1697 924 dixit,
1708 856 1760 929 qui
1775 873 1826 913 cx-

93 953 173 1010 syna
187 934 346 1008 reputanda
355 936 409 998 est,
419 929 444 987 si
456 926 649 1001 pauperibus
660 923 859 994 dispensetur
869 926 947 997 quod
1003 928 1077 983 cutit
1091 945 1197 986 manus
1212 947 1281 987 suas
1295 950 1312 990 a
1327 950 1458 1004 munere,
1475 940 1524 995 sed
1539 940 1675 1012 adjunxit
1687 943 1725 1001 ob
1739 947 1825 1016 omni,

95 1043 133 1083 ex
148 1024 260 1081 illicitis
274 1024 358 1079 rebus
373 1017 526 1090 accipitur,
541 1013 622 1085 quia
636 1010 691 1081 qui
711 1011 771 1068 hac
786 1012 947 1070 intentione
1003 1016 1073 1089 quia
1099 1017 1178 1074 aliud
1207 1036 1318 1077 munus
1342 1022 1378 1077 ab
1407 1024 1651 1097 obsequio,aliua
1678 1048 1827 1091 munuae

90 1111 179 1170 ¹male
194 1111 310 1184 accipit,
322 1107 446 1182 utqnasi
465 1100 882 1174 benedispenset,gravatur
894 1120 948 1175 po·
1002 1121 1103 1177 manu,
1115 1106 1194 1163 aliud
1223 1126 1331 1166 munus
1356 1127 1374 1168 a
1395 1111 1506 1185 lingua.
1526 1120 1632 1174 Munus
1657 1119 1765 1193 quippe
1787 1123 1825 1181 gb

98 1203 163 1258 tius
174 1192 550 1273 quamjuvetur.Quouiam
560 1187 663 1257 liquet
673 1201 797 1246 eaesae
807 1196 948 1264 perpetua
1001 1195 1142 1268 obsequio
1156 1201 1201 1253 est
1216 1199 1359 1270 subjectio
1375 1200 1504 1258 indebite
1518 1205 1666 1278 impensa,
1683 1225 1793 1268 munus
1808 1228 1826 1268 ι

99 1308 134 1347 ae
163 1289 429 1358 solida‚quavera
456 1283 535 1349 eunt,
552 1279 585 1333 et
603 1289 666 1345 qua
703 1277 821 1336 sincere
850 1279 946 1352 potius
1003 1300 1102 1350 manu,
1125 1287 1263 1356 pecunia;
1289 1289 1662 1364 munuaalingua,lavor.
1679 1297 1732 1363 Qui
1755 1315 1825 1373 argo

99 1394 195 1451 quam
208 1375 275 1433 dolo
288 1375 511 1447 congregentur.
522 1365 732 1436 Eleemosyna
744 1367 946 1441 Redemptoris
1001 1389 1100 1429 sacros
1110 1373 1235 1432 honores
1245 1377 1439 1445 tribuit,tunc
1451 1380 1487 1436 ab
1497 1382 1577 1438 omni
1587 1399 1709 1442 munere
1719 1403 1825 1444 manus

100 1466 199 1524 nostri
215 1463 308 1521 oculis
333 1462 385 1518 illa
412 1461 516 1534 placet,
533 1473 599 1530 quaa
627 1470 689 1510 nan
725 1458 762 1513 de
790 1457 902 1514 illicitis
917 1462 946 1515 el
1000 1462 1118 1530 excutit,
1135 1465 1252 1536 quando
1267 1465 1297 1521 iu
1313 1466 1420 1523 divims
1431 1469 1519 1525 rebus
1535 1487 1592 1525 nou
1603 1471 1824 1533 solumnullsm

98 1555 261 1628 iniquitate
276 1551 452 1625 congeritur.
461 1549 543 1604 Unde
557 1545 648 1604 etiam
662 1542 744 1602 illud
760 1552 873 1604 certum
888 1550 942 1616 ast,
999 1551 1164 1621 pecuniam,
1177 1554 1227 1610 sed
1239 1553 1328 1610 etiem
1340 1555 1500 1613 humanam
1513 1559 1640 1630 gratiam
1655 1577 1713 1617 uon
1727 1562 1824 1634 requi·

100 1644 177 1717 quia
200 1647 232 1699 at
252 1641 278 1698 si
302 1637 491 1708 monasteria,
517 1639 567 1692 aut
591 1635 786 1706 xenodochia,
802 1635 847 1692 val
871 1634 942 1708 quid
998 1638 1046 1695 rit.
1061 1639 1166 1697 »Unde
1180 1647 1208 1699 et
1222 1643 1328 1699 ioanni
1351 1645 1487 1717 episcopo
1503 1646 1719 1704 Corinthiorum
1744 1650 1823 1706 idem

100 1732 186 1790 aliud
202 1733 402 1797 construatur,
420 1725 546 1783 mercedi
565 1742 623 1782 nou
644 1725 784 1797 proficit:
802 1725 941 1797 quoniam
998 1725 1156 1798 Gregorius
1167 1733 1234 1801 post
1244 1729 1338 1786 multa
1347 1732 1479 1788 scribens
1490 1732 1602 1806 ait(lib.
1615 1752 1653 1805 rv,
1664 1737 1742 1808 epist.
1755 1735 1821 1810 55):

100 1823 176 1877 dum
194 1835 350 1893 perversus
365 1820 481 1889 emptor
495 1814 614 1870 honoris
628 1813 660 1868 in
677 1812 778 1870 locum
793 1814 942 1871 transmit·
998 1813 1139 1886 «Oportet
1151 1821 1183 1872 ut
1194 1820 1615 1895 necpercommodum,neque
1626 1824 1822 1896 pergratiam,

99 1910 190 1977 titur,
207 1907 325 1965 stallos
341 1908 377 1962 ad
393 1905 439 1962 sui
463 1901 691 1961 similitudinem
715 1903 770 1958 sub
795 1903 941 1959 commodi
996 1907 1048 1958 aut
1061 1905 1257 1975 quorumdam
1280 1907 1526 1979 supplicationem
1543 1909 1656 1983 aliquos
1672 1914 1707 1968 ad
1724 1928 1824 1970 aaaron

101 1998 248 2053 dilatione
263 1994 426 2062 coustituit,
438 1993 529 2067 plura
543 1990 792 2047 maleordinando
804 1991 940 2063 destruit,
996 1991 1114 2055 ordines
1129 1995 1320 2050 consentiatis
1330 1995 1374 2050 vel
1388 1996 1564 2067 permittatis
1579 1999 1694 2054 adduci.
1705 2000 1780 2056 Nam
1794 2005 1825 2058 ct

100 2103 196 2159 quam
212 2083 263 2140 ille
277 2084 543 2156 potestediticare‚
555 2079 605 2153 qui
620 2079 656 2135 ab
671 2095 705 2135 eo
721 2080 876 2151 pecuniam
888 2096 941 2152 pro
996 2083 1160 2152 peccatum,
1171 2082 1250 2137 sicut
1265 2082 1403 2155 dimmus,
1419 2099 1506 2156 grave
1521 2090 1574 2153 est,
1587 2091 1616 2142 et
1629 2086 1694 2143 sine
1708 2103 1824 2160 correp·

100 2174 292 2232 ordinatione
304 2171 424 2244 accepit.
436 2172 481 2228 Ne
493 2184 563 2241 ergo
579 2167 634 2224 snb
650 2168 772 2223 obtentu
785 2167 942 2241 elcemosy-
995 2167 1075 2224 tione
1089 2167 1145 2224 hoo
1160 2186 1218 2226 non
1234 2170 1364 2243 patimur
1385 2187 1545 2228 remanere.
1561 2197 1572 2226 ι
1589 2173 1683 2238 Quare
1697 2174 1823 2232 nullate·

101 2281 149 2319 nae
163 2277 233 2318 eum
244 2265 361 2333 peceato
371 2259 491 2332 aliquid
504 2257 678 2313 studeamus
693 2255 833 2327 accipere,
844 2260 941 2328 aperte
994 2258 1082 2312 tenue
1101 2255 1192 2313 voluit
1206 2257 1365 2330 Gregorius
1369 2298 1823 2318 ···············

101 2345 713 2424 sacraSoripturanosprohibet,diceus:
728 2345 829 2402 lloatiae
844 2347 942 2418 impio
996 2344 1143 2415 Propterea
1157 2363 1201 2402 vos
1217 2363 1270 2403 non
1294 2348 1418 2411 auditam
1439 2351 1506 2419 quio
1532 2365 1568 2405 aa
1595 2352 1648 2407 lieo
1674 2367 1730 2407 aon
1757 2352 1825 2425 estis

70 2494 77 2509 ,
106 2457 177 2497 ram
191 2438 398 2504 abominabiles,
421 2451 492 2510 quac
505 2435 703 2508 elimacem
725 2433 824 2489 scelere
847 2433 940 2505 (Prov.
996 2433 1215 2504 (ioan.111,4'l);
1228 2438 1256 2490 et
1271 2434 1340 2491 alibi
1354 2452 1360 2490 :
1373 2435 1404 2492 st
1417 2438 1480 2507 quir
1491 2436 1588 2510 dilipit
1602 2453 1654 2507 mc,
1671 2454 1825 2497 sermnem

102 2547 166 2601 xxi,
180 2529 239 2601 27).
250 2526 396 2599 Quidquid
412 2528 497 2583 enim
514 2525 545 2579 in
561 2522 611 2579 Dei
626 2520 769 2577 sacrificio
784 2538 819 2577 ex
833 2521 941 2580 scelere
996 2538 1088 2577 meam
1102 2525 1225 2579 servabit
1239 2525 1467 2596 (loon.x1v,23).
1484 2526 1519 2580 ut
1537 2526 1694 2584 Psalmista
1708 2527 1743 2585 de
1759 2528 1823 2587 vim

104 2619 244 2685 oliertur,
257 2616 468 2688 omnipotentis
484 2612 536 2669 Dei
555 2627 615 2668 non
634 2609 731 2682 placat
746 2609 940 2680 iracundiam,
996 2610 1107 2681 injusto
1122 2612 1163 2666 ait
1180 2612 1297 2668 :Noluit
1321 2613 1475 2682 inultique
1488 2618 1519 2669 at
1538 2614 1604 2671 berre
1626 2620 1719 2685 operm
1733 2617 1821 2689 (Post.

103 2709 161 2766 sed
177 2707 283 2763 irritat.
300 2705 372 2761 llinc
394 2720 501 2761 rursus
524 2700 666 2772 scriptum
683 2703 728 2755 cst
743 2715 750 2755 :
765 2700 877 2757 Honora
887 2701 942 2757 llo-
996 2714 1080 2769 xxxv,
1092 2698 1129 2771 l).
1144 2701 1282 2767 Quamvis
1297 2701 1388 2773 igitur
1403 2701 1439 2756 ab
1454 2701 1575 2758 avaritia
1588 2705 1718 2775 pecunie
1733 2704 1763 2760 in
1778 2721 1824 2762 ομ.

103 2799 222 2853 minam
238 2795 272 2852 de
282 2796 337 2850 tuis
348 2795 431 2866 justis
442 2790 589 2849 laboribus
599 2790 693 2861 (Pron.
706 2804 749 2858 111,
760 2788 798 2860 9).
810 2787 864 2852 Qui
874 2805 942 2860 ergo
997 2787 1135 2844 dinaudis
1149 2789 1297 2861 episcopis
1312 2788 1529 2861 aliquantulum
1546 2790 1565 2846 ii
1581 2792 1654 2848 tales
1668 2793 1824 2851 videantur

104 2885 190 2943 male
205 2883 292 2952 tollit,
307 2887 340 2938 ut
354 2883 438 2955 quasi
461 2883 537 2937 bene
553 2877 691 2951 prebeat,
708 2880 822 2933 constat
840 2876 941 2950 procul
997 2878 1204 2948 quoquomodo
1220 2894 1342 2933 manum
1353 2878 1510 2947 retrahere,
1522 2896 1579 2935 non
1594 2881 1659 2937 ideo
1675 2882 1712 2938 ad
1724 2881 1823 2956 legiti-

104 2974 204 3030 dubio
226 2973 304 3045 quod
328 2972 483 3027 Dominum
509 2984 567 3025 non
591 2967 724 3022 honorat.
735 2965 810 3021 Hinc
824 2981 942 3038 quoque
997 2981 1076 3020 mam
1093 2965 1299 3023 liberalitatem
1314 2965 1513 3023 ecclesiastica
1528 2968 1629 3025 electio
1645 2970 1822 3042 pertinebit;

102 3079 162 3149 per
186 3061 371 3118 Salomonem
396 3060 503 3115 dicitur
520 3074 526 3113 :
544 3058 597 3125 Qui
620 3056 699 3127 offert
719 3055 889 3124 comitatum
910 3054 944 3110 de
997 3054 1825 3126 sedautconsangninitatisaffectiqvelamicorumdilac·

104 3152 269 3209 substantio
282 3150 421 3221 pauperes,
432 3164 466 3206 oc
477 3149 503 3203 ei
516 3147 639 3201 victimet
654 3144 745 3214 fitium
758 3143 942 3214 incompacta
955 3128 977 3196 G
995 3142 1106 3213 tio‚seu
1116 3144 1204 3199 otiam
1216 3142 1407 3198 familiarium
1419 3143 1559 3215 obsequia
1569 3145 1777 3217 praevalebunt.
1787 3147 1825 3206 Et

104 3241 201 3314 patris
218 3235 628 3307 (Eccti.xxx1v,2l).0uantus
644 3235 742 3285 autem
757 3228 840 3285 dolor
849 3229 941 3301 patris
996 3229 1067 3301 quid
1079 3231 1198 3301 prodest
1208 3229 1357 3315 declinare
1367 3229 1505 3304 elaqueo,
1514 3232 1539 3287 si
1549 3233 1578 3288 iu
1590 3233 1701 3292 foveam
1713 3235 1824 3294 incida·

111 3329 152 3385 sit
169 3324 430 3401 perpendamus‚si
439 3324 470 3378 in
481 3322 546 3393 ejus
556 3322 712 3391 conspectu
724 3315 803 3372 lilius
815 3317 944 3374 victime·
996 3317 1082 3392 must
1092 3318 1138 3373 llit
1147 3318 1225 3374 enim
1238 3319 1341 3374 beatus
1351 3316 1561 3392 Hieronymus:
1574 3321 1679 3380 Electio
1690 3325 1823 3383 sacerdo·
1837 3385 1839 3390 ,

109 3421 169 3473 tur.
188 3415 223 3470 lit
234 3413 302 3468 hinc
316 3411 401 3468 facile
410 3410 625 3483 cognoscimus,
634 3409 744 3474 quanto
755 3409 831 3462 Deus
846 3407 940 3464 omni·
995 3409 1059 3461 tum
1075 3423 1133 3462 nou
1145 3407 1209 3478 jam
1220 3407 1306 3478 juxta
1316 3407 1503 3479 sanguinem,
1514 3410 1564 3465 sed
1575 3411 1662 3481 juxta
1676 3412 1781 3470 merita
1794 3420 1823 3473 at

108 3510 221 3580 petens
242 3500 342 3557 dolore
357 3503 556 3572 exasperatur,
572 3496 690 3568 quando
714 3493 739 3549 ei
764 3495 940 3551 sacrificium
995 3495 1117 3552 virtutes
1132 3495 1289 3553 deferenda
1307 3500 1362 3552 est.
1379 3495 1451 3553 Cum
1468 3499 1546 3554 enim
1562 3498 1669 3572 aliquis
1684 3501 1822 3574 dignissi.

108 3596 146 3651 de
162 3591 271 3665 rapina
291 3589 441 3645 tribuitur.
458 3586 553 3644 Nimis
572 3600 640 3657 ergo
664 3582 939 3653 declinandumest,
996 3585 1212 3641 muasacerdos
1223 3585 1272 3642 diu
1284 3585 1313 3640 in
1326 3584 1604 3660 Ecclesiamilitans,
1616 3591 1652 3646 ab
1663 3591 1822 3665 episcopali

110 3678 304 3740 dilectissimi
312 3677 486 3744 iratres,sub
494 3676 613 3732 obtentu
624 3673 813 3744 eleemosyna
825 3676 942 3744 peccata
995 3672 1135 3730 electione
1146 3673 1239 3745 ipsius
1250 3675 1298 3729 cui
1309 3675 1599 3747 servieratllcclesies,
1610 3695 1628 3735 a
1638 3680 1821 3755 principibus

107 3768 283 3828 simoniaca
311 3766 457 3822 hereseos
484 3768 660 3836 perpetrare.
686 3761 760 3816 Nam
787 3761 867 3816 aliud
896 3765 940 3818 est
995 3763 1179 3833 reprobatur,
1196 3762 1331 3834 nunquid
1351 3778 1409 3817 non
1434 3763 1485 3820 Dei
1509 3765 1587 3822 filius
1602 3767 1772 3841 despicitur,
1788 3774 1823 3827 ut

108 3862 235 3934 propter
250 3859 369 3929 peccata
389 3853 590 3926 eleemosynas
608 3853 713 3916 iacere,
730 3848 809 3904 aliud
824 3854 943 3922 peccata
994 3849 1067 3906 illud
1087 3868 1093 3906 :
1112 3852 1166 3920 Epo
1189 3850 1250 3906 dici
1264 3869 1274 3905 .·
1288 3850 1332 3906 dii
1352 3853 1427 3919 eatis,
1450 3860 1476 3908 et
1500 3853 1554 3922 filii
1578 3855 1682 3913 excelsi
1704 3860 1823 3916 omnes?

109 3951 236 4021 propter
250 3944 454 4015 eleemosynae
469 3942 660 3998 committere.
673 3959 688 3988 n
996 3938 1309 4009 (mahumeticum
1321 3955 1388 3995 vero
1399 3940 1525 4013 alicujus
1535 3945 1662 4014 potentis
1672 3945 1751 4003 filius
1763 3947 1822 4005 im·

153 4034 203 4090 lla
218 4037 287 4091 suut
297 4031 427 4105 Gregorii
449 4028 628 4087 sanctissimi
640 4031 669 4083 et
683 4024 845 4082 doctissimi
861 4041 942 4097 papa
997 4041 1049 4097 par
1060 4025 1217 4092 meritis,et
1228 4026 1338 4098 injuste
1352 4028 1541 4099 preponitur,
1553 4030 1623 4101 qnid
1638 4030 1718 4087 aliud
1734 4050 1822 4103 quam

111 4139 170 4198 pro
178 4121 345 4178 simoniacis
352 4115 736 4176 stillicitisordinationibus
742 4113 943 4170 saluberrimae
998 4114 1145 4171 barabbas
1159 4113 1286 4186 eligitur,
1298 4115 1349 4186 qui
1364 4114 1444 4172 filius
1455 4116 1546 4188 patris
1558 4116 1777 4191 interpretatur,
1791 4126 1825 4179 ut

112 4211 347 4278 admonitiones,
364 4225 418 4265 nec
434 4207 578 4280 acquievit
591 4205 711 4262 omniuo
723 4204 813 4259 donec
823 4201 944 4259 collecta
998 4203 1102 4259 marito
1124 4203 1238 4260 eveniat
1259 4204 1337 4275 quod
1355 4205 1582 4277 scriptumest:
1599 4209 1653 4279 Epo
1673 4226 1736 4266 eam
1750 4215 1823 4268 neae

112 4298 247 4375 generali
260 4300 371 4372 synodo
384 4298 445 4354 hac
456 4298 512 4353 sub
522 4294 706 4351 anathemate
717 4293 855 4347 damnata
865 4291 944 4363 peni·
998 4294 1178 4364 omnipotens,
1195 4292 1311 4348 reddens
1335 4292 1515 4364 iniquitatem
1535 4301 1650 4367 patrum
1667 4298 1697 4352 in
1710 4299 1778 4370 filiis
1791 4314 1825 4356 aa

113 4397 166 4446 tus
182 4389 369 4460 impetraret;
394 4387 445 4442 sed
461 4389 558 4442 astuta
581 4381 758 4455 turpissima
774 4380 944 4453 cupiditatis
997 4380 1521 4452 nepotitaallieodmxxia'l).Quidam
1534 4389 1631 4440 antam
1643 4386 1715 4443 adeo
1726 4390 1824 4444 menta

115 4478 262 4551 iniquitas
273 4494 330 4533 non
342 4476 486 4533 sufferens
501 4491 532 4531 se
547 4471 709 4530 commodis
723 4469 790 4526 licet
805 4469 944 4541 turpissi-
959 4489 983 4554 D
998 4473 1028 4524 et
1043 4486 1162 4542 corpore
1177 4470 1369 4538 obcaecantur,
1387 4475 1418 4526 ut
1433 4471 1512 4543 ipsos
1527 4473 1615 4530 etiam
1636 4475 1771 4546 parvulos
1787 4475 1823 4531 ad

116 4569 189 4634 mis,
206 4566 265 4622 imo
283 4563 552 4638 periculosissimis,
568 4560 729 4635 angustari,
746 4562 944 4614 commentum
1000 4557 1174 4630 pastoralem
1185 4561 1825 4635 promoverecuramnondubitent,quosnco

117 4655 396 4713 satisartidciosnm
413 4652 597 4727 reperitque
611 4647 798 4706 scilicetillos
814 4647 945 4704 sacerdo·
999 4652 1165 4704 mentenec
1186 4664 1306 4720 corpore
1331 4649 1451 4705 idoneos
1480 4666 1544 4705 assa
1571 4654 1694 4707 constat.
1711 4651 1746 4708 Et
1773 4650 1824 4725 qui

118 4748 161 4803 tio
178 4743 363 4812 sublimaret,
379 4743 427 4815 qui
444 4741 500 4798 sibi
520 4745 586 4813 post
601 4737 847 4795 consecrationem
863 4737 945 4791 tanto
1001 4736 1097 4792 adhuc
1112 4752 1166 4790 nac
1182 4736 1246 4807 ipsa
1261 4735 1427 4792 rudimenta
1439 4737 1573 4794 humana
1585 4743 1695 4794 natura
1706 4741 1825 4797 audeca

121 4833 318 4905 subjectiores
325 4848 389 4889 esse
396 4831 690 4901 debuissent,quanto
699 4824 947 4896 nondivino,quin
1004 4824 1064 4880 rint
1075 4825 1195 4888 discere,
1205 4825 1258 4880 hos
1268 4826 1304 4880 ad
1319 4825 1516 4897 magisteriam
1532 4825 1642 4884 elevare
1653 4845 1711 4885 non
1723 4828 1824 4886 formi-

122 4924 224 4997 potius
234 4907 482 4990 bumanojudicio
493 4935 525 4973 se
536 4917 627 4973 luisse
638 4919 797 4987 pmmotoe,
810 4915 866 4986 ipsi
879 4929 946 4984 pro·
1002 4913 1083 4980 dant,
1092 4913 1266 4985 judicesque
1282 4914 1464 4970 constituunt
1478 4915 1656 4983 animarum,
1667 4917 1717 4988 qui
1729 4917 1825 4973 adhuc

122 5013 172 5070 cul
189 5011 278 5066 dubio
293 5010 475 5081 reputarent.
486 5009 668 5079 Quapropter
677 5002 887 5074 omnipotentis
898 5001 948 5057 Dei
1002 5001 1073 5073 quid
1089 5002 1188 5056 anima
1203 5001 1241 5057 sit
1256 5001 1417 5074 intelligere
1429 5003 1545 5075 penitus
1556 5009 1715 5078 nequeunt.
1726 5005 1761 5060 st
1774 5003 1826 5077 qui

122 5091 946 5175 praecoGregoriusiulivangelioramtractatibusltomd.
1003 5089 1105 5145 docere
1119 5089 1259 5161 populum
1274 5090 1419 5147 instanter
1428 5092 1590 5150 debuerant
1603 5095 1638 5149 de
1649 5092 1765 5163 divinis,
1777 5092 1824 5149 do·

121 5194 156 5248 in
177 5190 303 5259 decep),
319 5190 353 5242 ut
376 5184 488 5241 scilicet
510 5183 692 5256 frequentius
715 5180 771 5253 legi
785 5179 831 5237 vel
855 5179 949 5235 audiri
1003 5179 1061 5234 ceri
1077 5179 1113 5233 de
1128 5178 1317 5235 saecularibus
1333 5184 1361 5236 et
1376 5180 1463 5236 etiam
1478 5180 1596 5251 vilibus,
1612 5184 1826 5252 praceptorum

125 5277 282 5354 potuisset,
299 5276 432 5347 disputat
455 5271 590 5344 inquiens
606 5289 612 5326 :
626 5294 640 5322 α
657 5272 732 5328 Sunt
750 5267 883 5325 nonnulli
898 5266 949 5340 qui
1003 5267 1173 5324 verberibus
1190 5268 1344 5340 incipiunt.
1356 5270 1391 5325 llt
1403 5269 1452 5341 qui
1468 5271 1558 5325 vereri
1573 5269 1608 5324 ab
1624 5267 1762 5327 omnibus
1774 5271 1826 5327 da·

123 5367 247 5441 quidem
275 5378 464 5419 nummorum
493 5360 612 5432 premia
631 5376 666 5414 ex
685 5357 869 5415 ordinatione
892 5372 949 5412 nou
1004 5354 1828 5432 buerant,ipsosetiamscholasticostimentNamquem·

124 5453 286 5527 accipiunt,
302 5458 331 5509 at
349 5456 447 5507 tamen
462 5452 562 5506 sacros
577 5446 695 5504 ordinas
715 5464 767 5520 per
789 5447 950 5502 humanam
1005 5444 1164 5501 admodum
1177 5445 1245 5502 olim
1263 5446 1357 5502 sancti
1373 5444 1512 5519 praesules
1527 5463 1544 5501 a
1558 5462 1739 5520 paganorum
1761 5448 1826 5504 riti.

123 5544 255 5625 gloriam
269 5541 442 5616 largiuntur,
456 5542 542 5611 atque
561 5537 597 5593 de
622 5535 756 5610 largitate
770 5535 871 5594 eadem
886 5533 949 5594 lau·
1004 5533 1060 5591 bus
1075 5534 1253 5608 recedentes,
1267 5534 1391 5612 injurias
1415 5536 1444 5590 et
1466 5533 1587 5595 verbera
1601 5536 1638 5598 ab
1657 5534 1827 5600 infidelibus

291 5671 421 5734 Pareat.
444 5663 602 5733 cxxxiv.
1648 5664 1668 5744 q
