3908 6096
118 294 178 353 67⁸1
319 291 529 356 Expostulo
551 292 590 353 ut
611 289 828 354 uelsrctss
851 286 979 351 PAULI.
996 320 1034 334 -
1055 287 1092 349 ill
1116 286 1241 351 EPIST.
1264 290 1276 349 l
1298 289 1350 350 AD
1372 287 1621 352 TIMOEHEUM.
1762 286 1821 350 678

119 430 204 495 natu,
220 423 278 480 nisi
293 438 325 480 se
346 423 558 490 exhibuissent,
581 423 667 495 juxte
692 421 817 477 sormam
841 419 942 492 huius,
957 422 985 488 Α
999 419 1055 476 nisi
1072 419 1146 475 sorte
1165 421 1319 476 doctorum
1343 420 1465 487 desidia,
1488 424 1539 476 aut
1564 420 1658 491 magis
1673 420 1822 493 superbie,

119 512 343 571 conversatione
364 517 393 568 et
409 512 540 568 moribus
559 528 676 583 graves;
689 512 836 583 Junvenes
850 513 948 565 autem
1003 509 1072 563 dum
1090 507 1143 563 soli
1156 508 1258 564 volunt
1272 509 1383 581 aliquid
1398 508 1499 564 videri.
1515 509 1652 564 iuniores
1666 514 1751 580 quasi
1767 511 1824 567 ira·

120 618 251 659 coaevum
268 617 356 656 suum
371 599 512 656 haherent
527 599 714 672 magistrum.
729 596 868 654 Mirabilis
883 598 950 652 odo·
1003 602 1062 653 tres
1077 601 1175 653 censet
1189 599 1390 654 admonendos
1401 614 1468 653 cum
1485 597 1587 654 affectu
1604 599 1781 670 dilectionis,
1793 608 1827 658 ut

120 692 237 760 leeoens
253 688 459 745 sanctissimus
473 688 656 756 Timotheus,
669 688 754 759 cujus
765 685 897 759 exemplo
907 685 950 741 iu·
1003 686 1250 742 videnteeamoris
1260 702 1348 742 causa
1358 688 1708 753 secommoueri,iacilius
1724 707 1825 747 secor·

122 777 313 853 disciplinata
339 777 499 834 coercenda
520 777 661 849 juventus
685 781 741 844 est,
756 781 785 832 et
799 775 949 832 seniorum
1004 777 1120 848 rigent;
1138 776 1245 848 quippe
1258 791 1325 830 curn
1341 776 1456 831 videant
1478 793 1534 832 non
1556 777 1724 850 discrepare
1738 795 1828 852 opera

121 865 311 926 irreverentia
325 864 483 939 punienda.
1005 865 1069 936 ejus
1085 880 1102 919 a
1116 864 1330 936 predicatione.
1347 871 1430 920 Aous
1446 882 1512 921 vero
1524 864 1607 938 quasi
1625 874 1744 936 matres,
1760 886 1827 925 cum

159 962 232 1014 Deci
249 971 334 1022 remo,
351 952 464 1011 munde
486 955 638 1022 lectionem,
666 955 899 1020 exhortationem,
915 970 949 1008 cc
1006 952 1826 1029 mitisermonedocerisevideut,nouaspereaccipiaut,
1884 974 1888 983 ’

120 1046 287 1104 doctrinam.
314 1044 377 1100 Noli
402 1044 544 1116 negligere
566 1044 698 1115 pretinm,
722 1057 788 1115 pcae
802 1051 840 1099 est
862 1045 892 1097 io
915 1050 950 1107 te,
1005 1042 1076 1113 quia
1095 1040 1253 1096 honorifice
1273 1040 1440 1112 proficiunt.
1457 1046 1601 1115 Asperum
1619 1050 1664 1100 est
1687 1047 1764 1102 euim
1781 1063 1829 1103 se·

123 1149 187 1210 quae
204 1133 270 1190 doio
292 1133 401 1189 esttibi
420 1148 470 1204 per
488 1132 666 1205 prophetiam
689 1147 751 1187 cem
776 1131 952 1202 impositione
1006 1130 1105 1196 nibus,
1122 1130 1703 1206 rumcorripiunturaJunioribus,quod
1719 1139 1830 1208 tempe·

122 1239 259 1281 mecam
272 1223 448 1296 presbyterii.
464 1220 613 1277 intentum
623 1220 702 1276 hunc
713 1220 850 1276 vulteese
862 1222 891 1274 et
901 1218 951 1273 do·
1006 1224 1138 1275 ramento
1154 1219 1282 1291 quodam
1297 1217 1380 1273 leniri
1395 1219 1466 1285 vult,
1484 1225 1516 1275 ut
1532 1222 1678 1292 proiectus
1693 1224 1770 1280 sitet
1784 1225 1829 1279 di-

123 1309 514 1379 ditumexeroitiolectiouis,
526 1315 560 1365 ut
571 1310 651 1365 omui
659 1325 732 1365 cura
742 1307 953 1382 diligentiaque
1006 1309 1094 1380 ocuti,
1110 1313 1139 1364 et
1148 1308 1288 1364 audienti.
1299 1307 1550 1377 adolescentulas,
1563 1315 1595 1366 ut
1604 1327 1719 1370 sorores
1730 1316 1830 1370 admo·

124 1402 181 1460 hoc
194 1399 335 1472 enitatur,
358 1402 391 1454 ul
405 1399 574 1455 exhortetur
597 1403 626 1454 et
649 1398 762 1454 doceat.
785 1395 953 1452 Exhortatio
1007 1403 1057 1454 net
1071 1398 1244 1466 edocendas,
1259 1402 1291 1451 ut
1307 1403 1440 1470 prompte
1452 1398 1565 1469 possint
1576 1400 1658 1456 bone
1674 1418 1828 1459 conversa-

125 1491 181 1557 est,
198 1502 266 1543 cum
282 1486 346 1542 miti
363 1487 450 1542 verbo
463 1486 578 1560 aliquos
591 1500 783 1558 provocamus
794 1485 830 1541 ad
841 1485 952 1540 bonum
1007 1487 1096 1543 tionis
1105 1487 1253 1558 suscipere
1263 1485 1461 1557 disciplinam.
1473 1488 1594 1551 Quando
1603 1489 1681 1545 enim
1692 1507 1749 1545 non
1760 1508 1828 1548 oum

127 1576 325 1650 opus.Dooere
336 1592 415 1645 vero,
427 1575 545 1648 quaudo
555 1591 664 1647 eaque
674 1575 767 1631 latent
780 1574 953 1630 intimemus
1008 1576 1130 1648 imperio
1146 1575 1290 1631 insinuari
1306 1574 1363 1630 sibi
1378 1575 1466 1645 videt,
1483 1592 1547 1648 qna
1562 1578 1599 1633 ad
1615 1578 1721 1634 bouem
1739 1581 1829 1651 perti·

128 1663 277 1722 meutibus
293 1661 487 1720 audientium.
502 1663 533 1719 Si
549 1663 627 1720 euim
643 1668 738 1719 rector
747 1662 847 1736 populi
859 1662 895 1718 ab
907 1662 953 1718 his
1007 1670 1079 1721 nent
1092 1665 1192 1728 vitum,
1206 1664 1361 1734 consentit,
1377 1662 1519 1719 humilem
1535 1681 1566 1720 se
1579 1667 1711 1738 prebens
1726 1669 1830 1724 admo-

127 1751 674 1826 dissimulat,negligitgratiamdatam
689 1751 952 1809 eibisdhocenim
1007 1753 1099 1811 acuti.
1116 1752 1270 1808 Blanditiis
1280 1752 1358 1807 enim
1369 1752 1464 1810 solent
1478 1754 1613 1819 obtineri,
1626 1771 1690 1827 que
1704 1760 1830 1812 auctori-

128 1848 247 1900 oreatur
260 1841 320 1899 dux
333 1839 442 1916 populo
457 1846 490 1897 ut
505 1841 593 1914 hujus
607 1842 712 1898 salutis
726 1839 954 1899 sollicitudiuem
1008 1848 1068 1899 tate
1084 1859 1141 1898 non
1157 1845 1292 1913 possunt.
1308 1840 1382 1896 Nam
1408 1841 1548 1898 animalia
1563 1845 1680 1915 quando
1697 1847 1831 1902 membra

127 1935 221 2006 gerat,
236 1930 408 1999 admodum,
424 1931 565 2002 docendo,
587 1935 625 1998 ‚ut
641 1930 770 1987 iruotum
785 1930 892 1986 haheat
907 1946 954 1985 or·
1009 1949 1064 1988 soa
1077 1929 1218 1997 zelantur,
1240 1929 1390 1986 blanditiis
1404 1934 1501 1986 tamen
1517 1927 1633 1987 cedunt.

128 2020 351 2093 dinati03quem
362 2019 399 2076 ad
410 2018 575 2091 hocutique
585 2019 662 2076 Deus
672 2019 837 2087 constituit,
849 2023 880 2074 ut
892 2034 957 2090 pro·
1048 2020 1153 2076 Videor
1168 2018 1281 2085 lioocrc,
1297 2033 1360 2090 quse
1375 2021 1432 2074 circ
1448 2019 1535 2075 ciduae
1548 2025 1623 2075 sent.
1649 2022 1707 2078 Has
1726 2023 1829 2082 viduas

129 2111 210 2167 liciat
224 2108 314 2165 saluti
330 2107 424 2182 plebis
434 2124 504 2164 sue,
514 2108 568 2175 Qui
583 2122 652 2182 ergo
666 2109 697 2163 iu
712 2107 765 2164 hac
782 2106 956 2163 auctoritate
1010 2109 1081 2164 dicit
1094 2107 1291 2175 honorandas,
1305 2123 1368 2179 que
1384 2108 1452 2163 data
1464 2110 1648 2180 operaviduae
1661 2117 1740 2167 sunt.
1752 2113 1831 2180 Qua,

130 2196 411 2273 positnsindiligeus
425 2195 956 2269 luerit,1)eicontemptorhabebitur,
1009 2213 1077 2253 cum
1093 2201 1213 2268 possent
1228 2196 1347 2264 nubere,
1378 2202 1408 2251 ut
1423 2197 1558 2253 meliores
1573 2205 1673 2254 essent
1687 2206 1716 2256 et
1736 2203 1832 2274 digne

131 2288 276 2345 minimus
291 2288 320 2344 iu
336 2302 426 2359 reguo
440 2285 957 2360 DeivocstuslMctth,v,19.)Nequs
1011 2291 1077 2352 Deo,
1092 2284 1237 2340 secundus
1252 2284 1373 2356 nuptias
1395 2293 1580 2358 respuerunt,
1597 2289 1721 2346 scientes
1742 2276 1832 2346 semel

132 2377 212 2434 onim
228 2375 334 2451 poterit
347 2376 451 2443 iacere,
468 2376 519 2448 qui
534 2391 588 2432 uec
599 2376 703 2432 docere
720 2375 869 2448 dignatur.
885 2375 955 2431 Gra·
1008 2374 1140 2430 benedici
1150 2373 1333 2447 conjugium,
1348 2373 1460 2429 amulae
1471 2376 1647 2432 sanctisime
1656 2380 1829 2453 doneque

130 2466 204 2524 tiam
220 2469 318 2523 tamen
333 2463 543 2534 dari,ordiuari
554 2463 701 2539 siguificat
710 2481 761 2537 per
773 2463 957 2537 prophetiam
1007 2463 1130 2536 jejuniis
1144 2468 1173 2519 et
1186 2462 1437 2519 obsecrationibus
1451 2465 1506 2520 lieo
1517 2467 1661 2522 serviebat
1671 2475 1756 2523 noctu
1769 2470 1832 2524 die-

131 2560 161 2612 et
176 2571 319 2612 manuum
334 2553 563 2627 impositionem.
589 2553 743 2627 Prophetis
758 2560 812 2625 est,
833 2570 891 2627 qua
905 2554 957 2610 eii·
1011 2569 1079 2625 que,
1095 2553 1183 2608 unius
1196 2551 1251 2607 viri
1261 2556 1379 2624 experta
1388 2554 1661 2623 concubitum(tec.
1675 2574 1706 2624 11,
1714 2557 1760 2625 36,
1770 2558 1831 2631 37):

131 2644 214 2717 gitur
227 2641 312 2715 quasi
327 2642 427 2698 doctor
442 2641 704 2710 iuturusidoneua,
721 2659 828 2698 manus
839 2643 958 2715 imposi·
1047 2642 1077 2697 Si
1090 2659 1145 2715 quo
1159 2644 1248 2697 ouem
1262 2642 1343 2696 rideo
1356 2642 1439 2712 filios,
1454 2643 1495 2697 vol
1511 2649 1619 2715 nepotes
1635 2644 1729 2708 liobet,
1744 2647 1833 2703 discet

130 2733 228 2788 tiones
242 2747 319 2800 vero,
334 2730 423 2787 verba
437 2734 510 2787 suut
534 2731 668 2803 mystica,
684 2731 792 2803 quihus
805 2731 958 2787 confirma·
1008 2734 1132 2805 primcm
1146 2731 1257 2786 domem
1270 2746 1349 2786 scam
1360 2732 1406 2802 pie
1419 2735 1547 2801 tractore,
1571 2749 1595 2788 ei
1610 2739 1735 2790 motuum
1750 2739 1835 2792 vicem

130 2825 182 2876 tur
196 2819 232 2876 ad
246 2819 301 2876 hoc
325 2836 399 2892 opus
427 2818 547 2891 electus,
572 2821 718 2893 accipiens
742 2819 957 2887 anctoritatem,
1010 2823 1165 2894 pretiorum
1177 2818 1288 2874 reddere
1301 2819 1472 2890 parentibus.
1484 2825 1542 2876 Hoc
1556 2826 1630 2877 enim
1644 2835 1782 2896 ooeeptum
1792 2832 1834 2882 est

131 2907 403 2967 teste‘couacientia
417 2925 482 2977 sua,
498 2912 531 2964 ut
545 2909 653 2964 audeat
663 2909 726 2965 vioe
740 2907 858 2964 Domini
868 2908 957 2964 sacri·
1010 2926 1111 2966 corom.
1128 2909 1190 2962 Deo.
1217 2907 1343 2962 Viduam
1359 2907 1441 2979 prius
1456 2907 1486 2962 iu
1510 2908 1564 2964 hac
1587 2912 1646 2965 vita
1660 2917 1688 2967 et
1713 2929 1832 2970 couver-

133 2998 233 3054 ficium
249 2998 308 3054 Deo
323 2997 436 3053 olierro.
1011 2999 1124 3054 satione
1139 2996 1210 3051 dicit
1226 2995 1416 3066 probandam,
1434 3000 1466 3052 ut
1479 2999 1678 3055 innodemum
1693 3001 1782 3075 digua
1796 3005 1835 3061 sit

169 3088 234 3145 Eaec
246 3085 387 3154 meditere,
407 3086 437 3141 tn
450 3085 492 3141 itis
511 3089 576 3154 cito,
591 3089 622 3142 ct
639 3088 776 3158 prolectet
792 3089 855 3140 taes
869 3087 958 3141 mcci·
1010 3087 1100 3144 vidua
1115 3083 1248 3140 Ecclesia
1260 3083 1433 3156 nuncupari,
1445 3100 1509 3156 que
1521 3103 1578 3143 uon
1593 3095 1722 3160 questus
1732 3109 1832 3165 causa,

132 3180 220 3248 testata
232 3178 268 3232 sit
281 3174 419 3244 omnibus.
443 3174 558 3231 Atteede
580 3174 642 3240 tibi,
666 3183 692 3230 et
714 3173 868 3236 doctore:
884 3161 993 3230 instoG
1013 3191 1102 3248 quam
1118 3171 1306 3237 defensionis,
1330 3171 1530 3230 ecclesiasticae
1552 3180 1726 3235 succumbat
1746 3181 1833 3238 disci·

134 3266 206 3321 iilis.
221 3265 276 3322 Eoo
293 3266 369 3321 enim
390 3262 525 3335 socienda
539 3272 565 3319 te
579 3265 669 3335 ipsam
684 3264 793 3319 soleam
814 3265 910 3334 socies,
934 3266 959 3318 et
1014 3264 1109 3337 plina.
1125 3262 1228 3317 Praeire
1242 3260 1320 3316 cuim
1336 3260 1443 3317 debent
1453 3263 1604 3335 merita‚ut
1615 3268 1764 3326 accedenti
1784 3273 1834 3328 de-

133 3369 181 3410 eos
195 3355 247 3426 pei
258 3357 284 3409 te
297 3352 429 3409 audiant.
441 3350 478 3407 Ut
487 3350 581 3407 forma
595 3351 633 3407 sit
643 3351 781 3407 omnibus
797 3351 959 3408 nouaclum
1014 3353 1092 3408 bitus
1107 3351 1201 3406 honor
1212 3349 1300 3404 tribui
1310 3349 1453 3406 videatur.
1466 3354 1533 3418 Que
1548 3354 1626 3410 enim
1637 3357 1755 3416 allectos
1766 3376 1835 3418 suos

133 3443 165 3499 iu
182 3441 269 3497 bouis
283 3439 542 3513 operibus,verum
558 3439 644 3496 etiam
659 3439 688 3495 in
705 3439 841 3496 doctrine
856 3440 960 3496 exerci-
1014 3441 1060 3514 pie
1075 3439 1218 3505 tractavit,
1230 3438 1385 3494 etdomum
1400 3439 1473 3496 hene
1483 3442 1665 3514 gubernavit,
1681 3447 1730 3502 Dei
1741 3446 1835 3524 legem

133 3531 176 3587 tio
192 3529 340 3585 admouet.
357 3531 503 3602 Apparere
518 3528 596 3585 euim
607 3528 711 3585 debore
722 3528 869 3600 significat
879 3545 959 3586 exer·
1014 3529 1150 3595 servavit,
1167 3528 1256 3599 digna
1270 3526 1371 3584 effecte
1385 3530 1622 3590 renumeratione
1637 3536 1781 3597 Ecclesiae.

135 3618 197 3676 citii
213 3616 374 3690 proiectum
390 3634 449 3674 nou
461 3617 492 3673 iu
508 3617 642 3674 doctriua
656 3619 808 3685 duntaxat,
822 3619 873 3675 sed
888 3624 916 3675 et
930 3619 960 3676 in
1049 3619 1119 3674 Nom
1146 3632 1207 3688 qaae
1222 3632 1283 3673 uere
1300 3616 1384 3672 video
1397 3622 1447 3684 est,
1473 3622 1501 3674 et
1528 3623 1660 3691 meelate,
1686 3631 1777 3698 speret
1806 3628 1838 3684 in

136 3707 238 3780 gestie.
255 3711 335 3763 Boua
349 3705 426 3763 enim
440 3706 527 3763 arhor
540 3705 633 3763 honos
644 3705 713 3762 iacit
723 3707 837 3763 iructus
847 3709 959 3780 (Metti.
1015 3705 1078 3776 lieo,
1094 3708 1119 3760 et
1134 3705 1219 3759 instet
1233 3703 1402 3759 orationibus
1412 3707 1607 3781 ooetcdieqec.
1619 3711 1744 3770 Viduam
1761 3714 1837 3773 filios

135 3813 188 3859 vn.
205 3796 250 3868 17)
263 3814 269 3850 :
286 3795 422 3852 similiter
435 3799 464 3850 et
478 3795 555 3851 bona
565 3795 698 3851 doctriua
713 3794 892 3868 malaopera
906 3796 961 3852 ha·
1015 3798 1066 3850 aut
1081 3798 1202 3865 nepotes
1216 3791 1371 3855 habentem
1389 3809 1447 3849 uon
1472 3795 1555 3852 facile
1570 3799 1784 3859 admittendam
1800 3805 1837 3861 ad

136 3886 206 3941 here
230 3901 287 3941 nou
307 3888 412 3957 potest.
432 3884 466 3941 Ut
482 3901 549 3939 cum
570 3884 633 3939 visa
648 3884 757 3940 suerint
773 3884 848 3941 bona
862 3901 960 3957 opere,
1016 3880 1163 3954 stipendia
1177 3879 1323 3947 Ecclesia,
1339 3882 1409 3952 quia
1432 3883 1456 3937 si
1473 3883 1519 3955 pio
1535 3891 1563 3940 et
1579 3887 1702 3946 sollicite
1716 3893 1838 3949 domum

138 3973 230 4031 divini
245 3973 406 4046 magisterii
419 3972 532 4028 fructus
543 3970 824 4044 esseiutelligantur,
840 3977 868 4029 et
882 3973 963 4029 audi·
1016 3966 1291 4041 suamguberuavit,
1307 3984 1425 4026 necesse
1436 3978 1481 4027 cst
1491 3974 1572 4029 reddi
1583 3974 1625 4030 illi
1642 3978 1735 4035 vicem
1746 3997 1763 4036 a
1774 3982 1839 4039 suis

138 4068 220 4119 tores
231 4062 346 4136 possint
356 4061 668 4134 prolicere.'1'¹rncvera
677 4060 755 4116 euim
766 4066 795 4117 et
806 4062 964 4118 metuenda
1016 4061 1093 4115 sicut
1107 4061 1135 4112 ct
1149 4056 1201 4112 illa
1216 4057 1531 4131 reddiditpropiuquis.
1543 4063 1571 4116 si
1588 4069 1697 4134 aulem,
1715 4073 1748 4124 ut
1759 4086 1839 4127 esso·

138 4167 205 4211 esse
219 4149 400 4225 intelligunt,
417 4165 481 4221 que
497 4149 646 4216 dicuutur,
667 4150 785 4222 quando
800 4150 836 4206 ab
851 4168 884 4207 oo
899 4150 963 4224 ipso
1018 4148 1068 4213 let,
1084 4146 1221 4218 impietas
1236 4145 1324 4202 luerit
1347 4153 1475 4218 operata,
1492 4155 1525 4205 ut
1539 4168 1613 4208 anus
1630 4155 1841 4230 despiciatura

139 4240 193 4314 qui
208 4240 303 4309 docet,
319 4255 427 4312 magus
445 4238 630 4294 veneratione
645 4238 793 4295 observari
808 4239 964 4307 videntur,
1018 4237 1169 4308 suis,quos
1184 4236 1232 4308 pia
1246 4235 1421 4306 tractaverit,
1429 4237 1551 4311 dignum
1563 4258 1627 4299 csso
1643 4244 1718 4302 hanc
1729 4246 1839 4320 suscipi

139 4329 219 4403 quod
230 4327 333 4384 rectori
345 4327 439 4402 plebis
449 4326 685 4399 duobusprolioit
695 4329 833 4395 modis,et
843 4344 963 4384 suorum
1019 4327 1055 4382 ab
1071 4324 1286 4396 Ecclesia,quia
1296 4324 1325 4379 in
1338 4326 1451 4382 Domini
1463 4327 1525 4401 lege
1536 4330 1661 4389 fideliter
1670 4341 1841 4393 conversata

138 4417 220 4475 euim
235 4419 380 4474 bonorum
407 4432 539 4488 operum,
555 4421 584 4471 et
599 4416 784 4472 audientium
801 4417 964 4472 mercedem
1019 4420 1072 4472 est.
1089 4414 1183 4469 Vidua
1199 4414 1288 4486 igitur
1316 4415 1457 4481 desolate,
1481 4423 1563 4475 suta
1586 4421 1648 4477 suis
1664 4429 1840 4497 contempta,

139 4505 282 4578 accipiet;
298 4505 455 4578 quomodo,
471 4504 497 4560 si
513 4503 665 4578 negligens
681 4503 779 4571 fuerit,
790 4507 851 4560 tam
866 4521 918 4577 pro
933 4521 965 4561 ss
980 4525 1004 4592 D
1019 4508 1117 4575 sperat
1130 4503 1160 4556 in
1176 4502 1244 4558 Deo.
1261 4500 1369 4558 Videas
1384 4504 1463 4559 enim
1478 4521 1513 4560 ex
1527 4506 1609 4563 nulla
1622 4515 1742 4582 partess
1752 4512 1840 4569 habe·

138 4611 231 4669 quam
245 4610 297 4668 pro
312 4594 355 4651 eis
371 4593 540 4649 redditurus
555 4597 600 4649 eat
616 4591 779 4648 rationem?
1020 4607 1050 4648 re
1066 4591 1250 4664 suffragium,
1267 4596 1327 4646 toto
1347 4592 1445 4647 animo
1461 4593 1564 4650 devota
1588 4603 1634 4653 est
1650 4601 1716 4667 Deo,
1733 4602 1769 4656 de
1784 4617 1842 4673 quo

176 4684 251 4756 (Car.
268 4682 314 4754 V.)
328 4683 470 4739 Seniorem
484 4698 519 4737 ce
534 4682 729 4752 icerepeoerir,
744 4680 791 4736 sed
806 4681 963 4751 exhortore,
1020 4680 1081 4737 solo
1097 4679 1237 4736 auxilium
1252 4680 1315 4735 vitre
1332 4679 1494 4753 salutisque
1511 4691 1654 4756 expectat.

138 4776 315 4845 stipatum:
335 4773 473 4843 juniores,
498 4774 660 4843 atsrctres:
686 4786 765 4839 cnm,
790 4779 821 4826 ct
843 4775 964 4832 matres,·
1054 4771 1199 4840 Ncmqose
1215 4771 1244 4823 ie
1267 4768 1384 4838 deliciis,
1409 4777 1447 4824 est
1463 4771 1556 4827 uicena
1581 4787 1689 4834 mortuo
1717 4783 1766 4836 est.
1794 4780 1843 4835 Vi·

140 4861 366 4931 cdolescentuics,
381 4865 412 4915 et
432 4875 538 4915 sorores
552 4861 580 4914 in
596 4860 673 4914 omni
685 4861 821 4915 castitate.
846 4858 966 4933 Propter
1020 4860 1120 4923 duam,
1136 4858 1347 4930 propterquod
1364 4857 1452 4913 vidua
1466 4860 1585 4929 dicitur,
1601 4865 1689 4923 talem
1713 4884 1776 4924 esse
1791 4868 1843 4922 de-

140 4949 397 5007 honoridcentiam
405 4948 658 5019 etatis,mejorem
671 4951 740 5004 natu
751 4964 819 5003 cum
831 4964 966 5004 mansue·
1020 4947 1088 5002 bere
1104 4945 1258 5017 significat,
1276 4962 1292 4999 u
1311 4946 1346 5000 ad
1360 4945 1517 5004 Dominum
1534 4958 1761 5023 promerendum
1777 4971 1844 5010 ora-

140 5038 245 5096 tudine
256 5039 411 5095 adbonum
423 5055 496 5111 opus
508 5037 735 5110 provocandum,
747 5040 780 5091 ut
791 5035 906 5092 lucilius
919 5054 967 5092 su·
1020 5035 1149 5091 tionibus
1162 5037 1253 5104 vacet,
1264 5034 1322 5090 Deo
1333 5035 1462 5092 serviens
1479 5045 1566 5096 noctu
1576 5042 1691 5115 dieque,
1704 5048 1734 5096 ut
1745 5047 1844 5097 osteu-

140 5127 250 5201 scipist
260 5126 606 5184 admonitionemPotest
615 5124 693 5182 enim
702 5124 793 5180 vereri
806 5125 967 5181 commoni·
1021 5124 1071 5179 dat
1084 5122 1193 5178 idcirco
1202 5138 1233 5177 ss
1245 5123 1362 5194 nuptias
1377 5128 1791 5202 secundascontempsisse,ut
1802 5129 1845 5184 in-

139 5221 202 5284 tus,
217 5233 253 5272 ue
267 5221 369 5289 postca
393 5215 576 5288 corripiatur,
594 5214 670 5286 quod
687 5218 773 5284 turpe
787 5217 832 5268 est
846 5214 964 5269 seniori.
1021 5218 1111 5270 staret
1124 5210 1295 5284 discipline.
1310 5211 1427 5269 Sieuim
1439 5216 1493 5270 suh
1504 5217 1621 5273 nomine
1631 5217 1723 5271 vidue
1734 5216 1844 5274 deliciis

140 5305 216 5362 Nam
231 5307 310 5378 apud
326 5321 429 5362 omnes
439 5305 540 5377 utique
554 5308 656 5377 gentes
671 5301 850 5358 honorabilis
865 5308 910 5358 est
924 5318 967 5359 se·
1019 5308 1111 5369 vacet,
1128 5306 1178 5356 aut
1188 5299 1320 5368 luxurie,
1331 5303 1429 5358 vivens
1441 5306 1699 5361 mortuahahenda
1709 5309 1765 5374 est,
1775 5307 1846 5379 quia

141 5399 256 5452 uectus.
272 5394 355 5451 Unde
367 5400 397 5451 ot
418 5398 582 5466 synagoga,
606 5396 635 5449 et
655 5395 757 5463 postea
778 5391 906 5447 Ecclesia
921 5407 966 5447 se·
1020 5390 1191 5464 imposturae
1205 5406 1297 5464 genus
1308 5395 1352 5448 est
1366 5392 1446 5448 aliud
1461 5408 1556 5465 agore,
1568 5398 1597 5450 et
1612 5393 1692 5450 aliud
1705 5395 1843 5468 profiteri,

140 5483 240 5541 uiores
253 5481 368 5552 habuit,
384 5498 510 5555 quorum
523 5482 585 5537 sine
600 5479 722 5538 consilio
738 5478 812 5534 nihil
827 5481 968 5554 agebatur
1022 5497 1080 5536 nou
1095 5480 1236 5552 obsequia
1251 5484 1280 5535 et
1294 5479 1475 5536 devotionem
1497 5481 1558 5551 Dei,
1580 5484 1630 5540 sed
1647 5484 1786 5542 honorem
1801 5486 1843 5541 vi-

139 5571 172 5634 iu
184 5571 660 5649 EcclesiaQuodquauegligeutia
669 5568 965 5644 obsoleveritmescio,
1021 5572 1085 5627 due
1096 5570 1224 5627 voleutes
1237 5569 1344 5626 habere
1361 5585 1442 5628 :cum
1455 5570 1583 5634 nominis
1593 5571 1688 5653 ipsius
1703 5573 1845 5652 professio
