3908 6096
84 299 139 365 aar
523 303 744 369 auuoumo
765 301 817 365 ao
840 278 1099 366 uonsuruuau
1112 281 1341 368 'aaeausau
1727 304 1788 368 aas

83 435 242 492 hasZenon
256 431 580 511 ambulansaliquaudo
596 438 626 494 in
639 438 832 505 Palaestinam,
844 453 911 493 oum
925 438 953 505 Α
968 436 1069 509 quisti,
1086 442 1114 493 et
1129 456 1181 510 per
1194 439 1312 496 illorum
1329 454 1429 495 curam
1443 440 1495 495 tua
1505 432 1607 505 oratio,
1617 435 1785 510 tuequcla-

84 526 256 596 laborasset,
268 525 387 597 resedit,
402 530 434 581 ut
448 528 638 584 manducaret
644 530 730 599 juxta
740 543 909 587 cucumere·
966 544 1069 599 crymae
1087 544 1143 583 non
1161 530 1342 598 minuantur,
1367 545 1403 584 ne
1428 544 1495 584 cum
1517 543 1605 582 uxore
1620 525 1694 582 Loth
1709 531 1787 584 retro

83 615 172 670 rium.
189 614 337 670 Suadebat
360 619 457 671 autem
479 617 504 672 ei
529 616 645 672 animus
670 633 742 673 suus
768 616 908 672 dicendo:
966 615 1145 688 respiciendo
1174 618 1204 672 in
1229 618 1299 675 salis
1324 618 1499 674 convertaris
1524 619 1663 673 statuam.
1684 615 1788 673 Recole

85 703 167 760 Tolle
182 704 234 760 tibi
251 721 341 759 uuum
359 720 555 774 cucumerem,
572 710 601 762 et
622 706 776 762 manduca.
794 705 846 770 Qui
862 705 910 760 in·
966 721 1034 778 ergo
1045 705 1129 762 illum
1141 707 1288 781 Evangelii
1300 706 1488 775 versiculum,
1500 707 1577 779 quod
1588 721 1667 761 neme
1676 708 1788 762 mittens

85 809 210 865 crepans
224 793 427 865 cogitationem
444 811 529 850 suam
554 795 627 850 dixit
651 795 707 851 sihi
728 794 803 868 ipsi:
820 795 911 850 Fures
966 812 1080 851 monam
1094 795 1130 851 nd
1145 801 1271 853 aratrum
1286 802 1312 853 et
1325 798 1472 870 respiciens
1483 805 1555 852 retro
1565 803 1644 868 aptus
1654 797 1690 851 eit
1701 813 1787 866 reqno

86 883 122 938 ad
138 886 284 937 tormenta
298 882 425 950 vadunt,
441 883 532 955 proba
556 900 624 956 ergo
647 884 778 959 teipsum
800 883 830 938 in
845 884 910 950 huc,
967 886 1017 941 eet
1031 885 1107 958 (Luc.
1123 903 1162 952 ur,
1177 885 1233 957 62).

86 971 111 1027 si
127 975 210 1042 potes
224 969 300 1025 serre
313 972 512 1026 tormentallt
527 988 708 1042 consurgens
723 973 798 1028 sedit
812 974 847 1029 ad
866 989 911 1027 ar·
1092 975 1156 1031 Car.
1172 975 1218 1030 Vl.
1236 1007 1269 1017 —
1283 977 1321 1032 De
1331 976 1500 1032 matinatella
1510 976 1663 1032 lucutenta.

71 1055 186 1115 ¹dorem
202 1058 273 1114 salis
288 1058 391 1115 diebus
415 1061 544 1133 quinque
567 1067 596 1117 et
619 1063 711 1132 dixit:
729 1062 758 1119 Si
777 1063 911 1118 ardorem
1005 1064 1107 1120 llortor
1121 1063 1219 1132 etiem,
1244 1064 1321 1119 utin
1346 1064 1490 1120 locutione
1514 1063 1555 1120 sis
1579 1063 1740 1131 continens,
1757 1065 1790 1118 ut

86 1148 157 1207 solis
173 1164 363 1220 nonpossum
380 1149 511 1215 sufferre,
527 1150 734 1224 poteroignem
747 1149 913 1206 eternum?
968 1153 1086 1210 assidue
1110 1170 1177 1209 cum
1203 1153 1358 1210 Psalmiste
1376 1155 1535 1210 decantes:
1560 1152 1790 1215 Denicattodaam

85 1238 120 1294 llt
135 1236 208 1292 dixit
226 1236 260 1291 ad
277 1236 407 1292 animum
425 1254 529 1293 suum:
555 1239 584 1294 Si
611 1257 669 1294 non
692 1244 774 1312 potes
797 1243 913 1310 portare
968 1243 1026 1297 arias
1040 1258 1126 1313 meus,
1139 1247 1169 1298 ut
1183 1259 1237 1298 non
1253 1242 1411 1315 delinquam
1426 1245 1456 1297 in
1471 1244 1569 1313 linquo
1583 1260 1643 1300 mea
1657 1242 1790 1314 parciori

84 1329 243 1396 tormenta,
271 1342 328 1381 nou
353 1327 450 1398 rapias
473 1343 669 1397 cucumerem,
694 1333 723 1384 et
743 1329 912 1384 manduces.
967 1330 1191 1385 meocaatodiam
1211 1330 1298 1401 (Paul.
1324 1346 1441 1396 xxavru,
1466 1330 1505 1398 2).
1531 1328 1594 1385 Noli
1619 1327 1709 1402 igitur
1723 1326 1789 1384 aliis
1892 1400 1896 1407 1

84 1416 181 1471 Verba
195 1415 285 1487 igitur
299 1416 373 1472 tanti
387 1415 440 1470 viri
467 1416 652 1473 considerare
675 1434 728 1473 nus
744 1418 913 1486 admonent,
969 1419 1122 1475 detrahere
1135 1437 1141 1487 ;
1157 1422 1304 1475 memento
1320 1422 1431 1490 quauta
1446 1418 1539 1473 Maria
1553 1418 1591 1474 sit
1605 1434 1744 1490 perpessa
1759 1417 1789 1472 in

85 1508 229 1578 quantum
246 1505 282 1560 ab
297 1504 393 1576 ipsius
415 1506 634 1562 conversatione
657 1505 742 1579 lunge
757 1507 912 1563 distamus.
971 1523 1077 1578 eremo,
1094 1508 1211 1579 quando
1233 1507 1358 1563 detraxit
1380 1506 1472 1580 Moysi
1498 1523 1579 1562 servo
1605 1505 1654 1561 Dei
1680 1521 1791 1577 suoque

86 1597 268 1666 Quapropter
278 1595 502 1666 perpendamus,
514 1613 567 1652 uos
576 1596 915 1667 peccateresetintirmos
970 1597 1062 1652 fratri.
1088 1596 1194 1652 Narrat
1217 1596 1295 1652 enim
1320 1595 1453 1662 historia,
1479 1595 1548 1667 quie
1571 1611 1622 1669 pro
1637 1593 1692 1650 hee
1707 1592 1793 1667 eulpa

87 1700 153 1741 esse
167 1683 197 1737 in
213 1682 430 1754 comparatione
454 1693 622 1739 sanctorum
650 1685 790 1755 virorum,
816 1689 848 1739 ut
862 1701 916 1741 noe
970 1685 1081 1758 alepra
1101 1685 1196 1742 iuerat
1220 1686 1378 1752 maculata,
1403 1689 1574 1758 septemque
1598 1687 1679 1739 extra
1698 1688 1794 1738 castre

89 1770 351 1844 ipsusexillorum
367 1771 479 1827 meritis
505 1772 710 1844 despicientes,
736 1789 787 1845 per
800 1774 915 1829 Domini
971 1773 1113 1830 manserit
1126 1775 1249 1831 diebus:
1281 1791 1344 1846 quae
1373 1776 1529 1845 postquam
1557 1771 1792 1845 perorationem

88 1860 167 1933 piam
184 1859 414 1917 misericordiam
425 1876 526 1917 eorum
538 1861 718 1918 consortium
729 1860 835 1918 hahere
848 1879 915 1935 pos·
973 1863 1081 1936 Moysis
1096 1863 1194 1919 fratris
1207 1863 1252 1920 sui
1282 1860 1630 1934 luitelepramuudata.
1648 1858 1794 1915 Absiteu·

92 1949 196 2007 simus.
973 1947 1792 2025 tem,utextinguaperquambenedicimuellominum,

217 2038 286 2094 Car.
301 2036 335 2093 V.
351 2070 386 2080 —
400 2043 442 2095 De
455 2040 627 2095 continentia
640 2040 792 2096 oculorum.
972 2040 1039 2097 inde
1055 2026 1267 2097 maledicamus
1279 2045 1331 2096 aut
1346 2038 1537 2095 detrahamus
1552 2035 1694 2110 proximo.
1710 2035 1794 2090 Unde

127 2128 208 2194 Quod
224 2131 321 2184 autern
339 2143 397 2183 nun
421 2131 535 2183 tanturn
561 2127 591 2184 in
615 2128 690 2196 cibo,
718 2128 767 2184 sed
784 2128 871 2185 etiam
886 2128 918 2186 in
972 2129 1169 2186 eradicabitur
1183 2128 1280 2185 omnis
1294 2129 1449 2199 detractor,
1475 2127 1538 2184 sine
1563 2124 1652 2181 dubio
1667 2125 1703 2180 de
1718 2128 1793 2180 coetu

90 2215 155 2271 visu
177 2216 216 2272 sit
229 2214 419 2283 continentia,
430 2233 556 2288 sequens
579 2216 753 2272 miraculum
765 2222 862 2289 aperte
872 2218 917 2273 in·
972 2222 1152 2275 sanctarum.
1164 2219 1237 2290 llrgu
1251 2234 1286 2274 ne
1297 2234 1351 2274 nos
1362 2218 1397 2273 de
1406 2219 1480 2273 coetu
1490 2212 1794 2273 sancturumeradiee·

89 2304 198 2361 sinuat.
213 2304 281 2362 Piar
294 2307 405 2374 autem,
421 2321 487 2360 eum
504 2305 540 2360 de
560 2306 647 2360 domo
662 2305 755 2378 patris
770 2306 805 2362 ad
822 2305 917 2378 philu-
972 2326 1049 2379 mur,
1066 2307 1268 2364 custodiamus
1280 2324 1296 2362 a
1307 2302 1486 2362 detractione
1497 2304 1630 2377 linguam
1641 2305 1793 2369 nostram

89 2393 224 2466 sophiam
256 2393 485 2450 conversationis
514 2393 616 2461 exiret,
655 2393 790 2466 promisit
820 2395 916 2451 denuo
972 2413 1030 2453 nun
1044 2395 1231 2452 detrahemus
1246 2395 1388 2467 proximo,
1409 2409 1497 2467 quem
1517 2391 1659 2464 jubemur
1673 2390 1795 2463 diligere

88 2481 203 2538 nullum
219 2481 917 2556 propinquorumdaceterulorevisurumPost
971 2484 1048 2540 sieut
1063 2484 1270 2556 nosmetipsos.
1297 2485 1331 2539 Et
1354 2500 1411 2539 nou
1435 2486 1552 2537 tantum
1576 2498 1593 2536 a
1616 2478 1795 2536 detractione

87 2571 304 2644 quinquaginta
317 2587 383 2626 vero
400 2588 503 2642 annus,
522 2572 593 2627 dum
609 2573 674 2647 ejus
691 2589 775 2627 sorar
794 2589 861 2628 eum
875 2573 916 2627 vi·
971 2590 1084 2630 cessare
1098 2589 1156 2629 nun
1173 2577 1296 2645 oportet,
1323 2572 1373 2628 sed
1397 2572 1485 2627 etiam
1510 2570 1546 2626 ah
1571 2568 1672 2626 otiosis
1687 2567 1800 2634 verbis,

88 2677 154 2716 vere
165 2664 193 2716 et
204 2660 336 2715 hahitare
346 2675 413 2715 eum
426 2660 456 2715 in
469 2676 566 2716 eremo
580 2660 774 2733 cognovisset,
789 2677 845 2716 non
858 2678 917 2718 aes·
971 2664 1041 2734 quia
1050 2661 1239 2735 Evangelium
1251 2660 1376 2717 clamat:
1390 2662 1428 2716 De
1439 2661 1514 2716 omni
1524 2660 1603 2715 uerte
1613 2658 1712 2725 otiose,
1725 2655 1796 2728 quod
1891 2689 1895 2696 ·

88 2750 184 2816 sabat,
213 2749 305 2804 donee
334 2749 500 2821 inspiceret.
535 2748 627 2813 Quam
661 2750 730 2805 dum
760 2750 916 2822 episcopus
971 2753 1055 2808 locuti
1068 2751 1176 2823 suerint
1196 2750 1328 2816 homines,
1350 2750 1465 2808 reddent
1488 2749 1625 2805 rationem
1645 2744 1795 2818 indicia-

89 2839 152 2908 ejus
167 2836 233 2905 luci,
245 2838 308 2908 jam
324 2838 510 2910 grandevum
526 2838 801 2911 preptereevideret
812 2839 913 2911 afiligi,
970 2842 1037 2897 dicii
1052 2840 1162 2909 (narrt.
1182 2858 1234 2906 xu,
1250 2841 1306 2911 36).
1322 2838 1441 2894 Otiosus
1464 2853 1531 2893 vero
1557 2852 1653 2893 sermo
1675 2839 1728 2901 est,
1745 2834 1797 2906 qui

90 2926 209 2999 scripsit
225 2925 399 2998 praesulibus
423 2927 525 2994 eremi,
551 2930 585 2981 ut
608 2926 721 2982 Piorum
744 2926 913 2999 dirigerent.
970 2945 1027 2984 nou
1039 2928 1074 2983 ad
1088 2928 1178 2998 illius,
1191 2927 1242 2999 qui
1255 2926 1339 2982 illum
1353 2925 1435 2996 dicit,
1446 2941 1498 2981 neo
1511 2925 1546 2980 ad
1564 2923 1656 2991 illius,
1670 2922 1719 2995 qui
1729 2937 1797 2976 eum

87 3020 125 3071 at
141 3014 199 3082 ille,
217 3015 356 3086 quoniam
373 3018 559 3070 contemnere
574 3014 914 3086 uelasest,jusei0nibus
970 3016 1061 3082 audit,
1075 3016 1201 3088 pertinet
1211 3016 1385 3088 proiectum.
1397 3012 1463 3069 Noli
1484 3003 1553 3086 ergo
1564 3010 1799 3084 prolerreverha,

87 3104 237 3160 seniorum
253 3101 392 3159 obediens
407 3106 436 3158 et
451 3119 607 3160 assumens
619 3102 778 3176 quemdam
789 3103 913 3161 venitad
971 3104 1143 3179 quarinum
1160 3104 1203 3160 vel
1220 3102 1397 3160 cachinnum
1414 3105 1562 3170 moveant,
1586 3100 1636 3155 sed
1652 3097 1747 3170 magis
1762 3098 1798 3154 ad

88 3192 224 3265 patriam.
241 3194 372 3263 Cumque
387 3196 454 3247 aute
481 3192 588 3247 domus
614 3208 675 3247 sue
692 3191 802 3263 Januas
818 3175 951 3249 acces-G
971 3193 1228 3266 compunctionem
1240 3191 1507 3265 etlacrymas,etad
1520 3187 1798 3264 prosectumanima

88 3281 187 3349 sisset,
198 3284 327 3338 etsuum
341 3280 509 3336 nuntiasset
520 3280 691 3349 adventum,
710 3279 843 3336 veniente
853 3297 917 3355 ger·
972 3283 1146 3355 pertineant.
1162 3282 1243 3338 Tuus
1259 3297 1355 3338 sermo
1372 3295 1488 3352 semper
1512 3279 1551 3335 sit
1573 3277 1635 3334 sals
1650 3277 1796 3332 conditus.

89 3369 301 3427 manaelausis
326 3368 419 3425 oculis
448 3367 540 3424 dixit:
567 3368 640 3424 Ecce
669 3384 721 3441 ego
751 3385 818 3424 sum
839 3370 917 3441 Pior,
971 3373 1076 3428 Narrat
1090 3371 1214 3428 historia
1228 3369 1387 3443 Tripartita
1401 3384 1529 3441 namque
1547 3372 1689 3423 emonem
1704 3365 1796 3421 'lnbe-

88 3458 279 3532 quantumvis
295 3463 414 3531 aspectu
441 3458 559 3515 satiare.
585 3458 668 3514 Tune
690 3457 740 3513 illa
754 3459 919 3531 gratificata
972 3454 1797 3533 nensiorumpraesulematquaTheouemmultorummo·

88 3549 219 3606 laudavit
234 3549 336 3604 Deum.
353 3553 388 3603 nt
408 3547 457 3603 ille
481 3547 612 3603 oratione
636 3547 713 3603 facta
725 3549 864 3604 remeavit
880 3550 916 3605 ud
972 3550 1132 3607 nachorem
1144 3549 1300 3622 presidem
1312 3548 1404 3603 titisse
1416 3563 1422 3602 :
1435 3546 1522 3602 umbo
1538 3560 1665 3616 numqua
1680 3544 1797 3599 fuerant

89 3654 231 3709 eremum,
244 3637 293 3694 uhi
303 3636 415 3694 fodiens
426 3653 534 3709 aquam
550 3636 659 3692 invenit
670 3652 812 3707 amarem,
824 3653 917 3709 eaque
971 3643 1137 3711 operatores
1152 3628 1369 3711 inupilabilium
1390 3652 1499 3702 rerum,
1515 3639 1544 3691 et
1558 3633 1658 3690 divina
1671 3633 1798 3707 prudeu-

91 3726 363 3799 ususestusquead
373 3725 677 3781 ultimumvitadiem.
687 3726 917 3797 Posteujusohi·
970 3729 1012 3784 tia
1022 3728 1231 3800 prophetiaque
1243 3725 1389 3799 completi.
1403 3724 1515 3781 Dicitur
1531 3724 1679 3779 Thoonem
1695 3721 1795 3777 erudi·

89 3820 153 3871 ium
166 3814 267 3871 nullus
277 3814 336 3870 illic
349 3814 480 3870 hahitare
491 3814 654 3886 prevaluit.
664 3814 722 3886 ligo
731 3818 829 3869 autem
840 3831 915 3886 reor,
971 3822 1033 3873 tum
1048 3816 1296 3889 AEgyptiacorum,
1312 3813 1479 3870 Graecorum
1489 3812 1720 3882 Latinorumque
1731 3814 1793 3865 stu·

89 3902 915 3977 quiaperorationemejusadsuasususiecissetduleem,
971 3906 1038 3972 diis,
1049 3905 1172 3977 triginta
1183 3920 1276 3959 annus
1291 3901 1430 3958 hahuisse
1452 3899 1691 3956 taciturnitatem.
1707 3902 1796 3954 Porro

89 3994 160 4049 dum
177 3992 264 4049 etiam
282 3991 352 4047 alibi
368 4007 426 4047 non
442 3994 605 4046 exstantem
631 3990 761 4046 oratione
776 3991 918 4048 meruerit
971 3994 1079 4051 anullo
1090 3992 1243 4049 hominum
1254 3991 1349 4047 visum
1368 3991 1555 4057 irascentem,
1566 3993 1618 4044 aut
1632 3988 1794 4058 jurantem,

88 4097 236 4138 emanare.
248 4080 322 4138 Nam
334 4096 402 4136 eum
413 4078 528 4152 Moyses
537 4082 565 4135 et
573 4080 637 4151 ejus
646 4079 783 4136 monachi
794 4087 916 4152 puteum
972 4088 1022 4139 aut
1037 4081 1240 4147 mentientem,
1254 4085 1306 4136 aut
1321 4095 1429 4135 vanum
1447 4077 1578 4150 aliquod,
1589 4075 1633 4132 vel
1645 4091 1793 4146 asperum,

93 4171 252 4244 aliquando
262 4170 405 4236 lederent,
418 4185 471 4226 neo
487 4184 591 4224 venam
603 4167 732 4241 aliquam
745 4170 915 4241 reperirent,
971 4172 1015 4228 vel
1027 4172 1177 4227 infirmum
1188 4168 1345 4242 protulisse
1355 4162 1795 4234 sermonemflurumtempori-

88 4263 190 4315 utnon
214 4257 343 4332 amplius
364 4258 426 4329 jam
453 4257 551 4313 fudere
576 4255 700 4312 altitudo
725 4254 916 4329 permitteret,
970 4262 1027 4318 hus
1042 4259 1198 4316 luitetiam
1220 4256 1316 4313 lletias
1342 4256 1504 4313 monachus
1529 4271 1619 4328 agens
1645 4254 1673 4309 iu
1698 4268 1795 4308 eremo

89 4348 186 4404 medio
196 4347 243 4404 die
254 4348 424 4421 supervenit
433 4346 512 4412 Pior,
526 4350 554 4401 et
565 4345 696 4401 oratione
710 4346 786 4401 laeta
796 4347 916 4403 descen·
971 4349 1064 4407 etatis
1080 4366 1190 4406 annum
1206 4348 1284 4404 circa
1306 4346 1490 4403 centesinum
1516 4350 1603 4418 atque
1627 4342 1793 4409 decimum;

89 4438 133 4494 dit
148 4437 178 4493 in
194 4437 317 4506 foveam,
334 4453 462 4508 cumque
478 4436 564 4491 tertio
588 4434 784 4506 percussisset
798 4440 916 4503 terram,
972 4444 1057 4496 antee
1072 4443 1169 4495 tumen
1186 4454 1258 4509 pene
1273 4435 1460 4509 septuaginta
1476 4435 1560 4491 annis
1584 4431 1664 4489 solus
1678 4430 1749 4486 vixit
1765 4429 1795 4486 iu

90 4542 158 4582 mox
172 4525 319 4582 emanavit
333 4542 420 4598 equa,
436 4540 564 4597 cumque
587 4524 718 4580 oratione
732 4523 808 4580 lacta
822 4525 918 4582 disce·
932 4544 956 4609 Ι)
972 4527 1139 4598 solitudine,
1155 4531 1185 4603 et
1207 4542 1301 4598 usque
1327 4524 1363 4580 ad
1387 4524 1463 4580 hanc
1487 4528 1600 4579 atatem
1620 4519 1795 4593 jejunando,

89 4615 181 4684 deret,
192 4613 251 4671 illis
262 4630 330 4671 eum
341 4614 508 4686 petentibus
520 4616 553 4669 ut
563 4610 608 4669 vel
621 4629 656 4669 ex
675 4628 752 4685 aqua
766 4618 898 4686 gustaret
910 4631 916 4670 :
974 4616 1158 4689 multumque
1169 4614 1279 4672 silendo
1288 4608 1794 4682 etvirilitereunversandopervenit.

89 4705 133 4760 Ad
144 4704 233 4777 quod,
243 4704 351 4776 inquit,
365 4703 579 4772 directussum,
593 4705 621 4759 et
631 4703 917 4775 propterquudvani,
973 4706 1038 4763 Hac
1049 4703 1192 4762 miracula
1203 4703 1304 4760 hortor
1315 4706 1347 4757 ut
1361 4701 1528 4773 frequenter
1547 4699 1638 4773 legas,
1658 4702 1690 4753 ut
1708 4697 1797 4766 scias,

90 4797 240 4866 peractum
252 4797 307 4849 est.
319 4793 475 4864 Propterea
486 4808 592 4857 ver0,o
612 4791 801 4848 sanctissima
811 4797 914 4865 mater,
973 4812 1063 4869 quam
1074 4799 1188 4850 cautem
1202 4793 1232 4848 in
1242 4791 1387 4863 loquendo
1405 4793 1433 4847 te
1443 4805 1507 4847 esse
1527 4791 1668 4863 oporteat.
1682 4785 1796 4842 audisti

90 4881 151 4938 hec
161 4881 215 4938 tibi
225 4883 261 4938 de
280 4881 365 4938 Piore
386 4880 528 4936 monacho
550 4880 712 4953 scripsi,nt
725 4882 849 4953 perfecte
860 4880 916 4936 sci·
968 4901 1037 4940 veru
1062 4899 1151 4950 nune,
1177 4885 1206 4937 et
1230 4884 1263 4936 ut
1289 4884 1371 4953 puto,
1396 4879 1544 4936 memoriae
1570 4873 1794 4939 commendasti,

90 4988 136 5028 res
148 4971 226 5043 quod
253 4969 433 5028 continentia
458 4969 588 5026 etiamin
613 4968 679 5025 visu
690 4970 729 5025 sit
739 4971 914 5027 necessaria.
971 4973 1049 5046 quod
1073 4970 1263 5027 doctissimus
1288 4968 1450 5026 monachus
1472 4969 1572 5025 'Phaon
1596 4982 1648 5038 per
1672 4961 1793 5034 triginta

87 5059 204 5116 Audisti
221 5075 286 5117 vero
298 5075 387 5129 nuno,
400 5074 487 5132 quam
500 5061 605 5114 cautus
615 5058 670 5114 iste
681 5063 803 5114 sanctus
814 5076 916 5115 mona·
971 5078 1063 5119 anuos
1073 5059 1168 5118 tenuit
1176 5057 1405 5115 taciturnitatem
1419 5077 1426 5127 ;
1437 5058 1540 5115 hortor
1548 5055 1647 5129 igitur,
1660 5051 1793 5122 quianu-

89 5150 164 5206 chus
174 5149 239 5222 luit,
250 5149 301 5222 qui
313 5165 366 5205 nee
384 5147 557 5205 inobediens
577 5147 632 5203 luit
652 5145 803 5220 preceptis
818 5147 914 5203 senio·
970 5152 1016 5207 his
1029 5150 1146 5206 assidue
1157 5153 1253 5205 tacere
1269 5164 1327 5203 non
1343 5145 1421 5216 lieet,
1435 5147 1478 5203 rel
1491 5146 1579 5202 etiam
1599 5141 1679 5208 libet,
1691 5138 1718 5193 id
1731 5137 1793 5209 pla·

89 5255 167 5307 rum,
180 5240 231 5312 qui
241 5238 327 5295 illum
338 5239 375 5295 ad
388 5254 517 5294 sororem
528 5253 613 5292 suam
625 5236 667 5292 ire
683 5237 847 5308 jusserant,
864 5253 916 5293 nee
970 5244 1043 5308 eeat,
1060 5244 1093 5294 ut
1107 5237 1151 5295 vel
1166 5253 1312 5309 sempera
1327 5235 1404 5292 malo
1427 5231 1615 5291 detractionis
1641 5227 1793 5285 sileamus.

89 5328 163 5386 vidit
173 5328 268 5400 ipsam
279 5328 360 5383 visus
371 5328 407 5383 ab
418 5326 479 5394 illa,
496 5344 532 5384 ne
547 5331 648 5383 contra
661 5330 760 5382 iratum
777 5343 863 5381 suum
876 5327 915 5382 iu·
969 5328 1006 5384 Ut
1020 5344 1088 5401 ergo
1103 5326 1156 5383 tibi
1172 5327 1264 5382 virtus
1279 5324 1492 5381 taciturnitatis
1516 5321 1639 5394 placeat,
1657 5315 1726 5373 audi
1742 5317 1794 5372 ad-

90 5434 156 5474 aare
165 5414 617 5487 videretur.Quapropterhortor
625 5414 809 5470 sanctitatem
821 5420 913 5483 tuam,
969 5418 1037 5485 huc,
1055 5417 1125 5490 quid
1141 5415 1295 5472 Zacharias
1308 5414 1343 5469 de
1362 5414 1427 5483 ipsa
1452 5411 1648 5482 interrogatus
1669 5422 1794 5477 respon·

91 5512 124 5562 ut
141 5504 224 5560 illum
241 5505 361 5560 studeas
375 5503 496 5560 imitari.
513 5504 575 5560 Nou
592 5502 631 5559 sit
646 5504 698 5559 tihi
715 5520 786 5558 cura
797 5503 915 5560 videndi
970 5507 1055 5564 deat:
1072 5505 1144 5562 dixit
1159 5505 1250 5562 abhas
1266 5505 1377 5565 Pastor,
1392 5499 1461 5571 quie
1476 5496 1666 5571 interrogavit
1676 5494 1791 5570 Moyses

90 5600 158 5653 tuos
173 5592 411 5669 propinquosvel
427 5592 548 5662 amicos,
574 5610 648 5666 quos
673 5593 702 5649 in
726 5592 832 5650 seculo
848 5594 914 5652 reli-
970 5597 1105 5672 fratrent
1118 5593 1288 5656 Zachariam
1316 5591 1428 5660 dicens,
1462 5589 1533 5666 quid
1560 5585 1665 5646 videet
1688 5581 1792 5657 ettille
1842 5672 1848 5679 ¹
