3922 6098
128 269 179 338 Ιθ·
647 275 816 342 turonis
837 275 1130 346 vnauuttuusts
1152 282 1332 351 uulsuorl
1565 366 1570 371 .
1803 287 1843 354 60
1907 329 1912 338 ·

128 404 965 482 annesBaptista,missospiculatore,illicodecollatusest
977 412 1007 481 A
1020 416 1150 488 tempore
1165 426 1343 494 properaret.
1358 421 1438 489 Quos
1452 418 1531 478 enim
1545 418 1608 476 vult
1619 418 1774 493 Dominus,
1788 421 1842 478 mi·

129 488 965 574 cumlegerimusdeaiiquibussanctosperouterevolenti·
1018 505 1841 584 rabiliterahimminentioripitpericulo,quosdamvcro

129 586 963 664 hus‚quodsorumbrachiaadeoobriguerint‚utnisiip·
1018 593 1353 657 hicetiaminnocentes
1368 600 1427 672 pati
1456 598 1611 672 permittit,
1641 599 1691 671 qui
1721 599 1841 672 abipso

132 676 175 735 sis
185 676 965 744 sanctisintervenientihus‚caillinullatenusmovere
1019 699 1134 758 quoque
1144 687 1237 744 multo
1253 690 1372 762 dignius
1387 689 1418 744 in
1433 689 1532 745 futuro
1548 694 1734 745 coronantur.
1762 688 1843 746 Unde

134 764 213 823 ultra
220 765 374 822 valuerint.
384 764 536 821 Sicutetin
547 766 961 843 Dialogorumlihris(S.Grcg.
1019 790 1072 830 neo
1088 774 1129 830 illi
1141 778 1303 834 sanctiores
1318 778 1514 846 habendi,neo
1525 777 1574 834 isti
1595 777 1747 833 inferiores
1777 778 1842 833 nul·

29 868 36 876 ·
136 853 209 911 Dect.
227 854 279 911 lib.
291 872 333 925 ιιι,
344 871 370 910 o.
383 854 431 925 57)
444 854 619 926 reporimus,
631 858 666 913 de
680 858 807 931 quodam
818 857 963 925 sanctulo,
1018 860 1135 920 leterius
1146 882 1163 921 a
1176 866 1569 939 nobissuutjudioandiSed
1578 865 1672 924 etheo
1682 867 1843 923 cavendum

138 943 189 1015 qui
200 941 965 1017 oumaLongobardisoccidendusteneretur,tandem
1020 953 1111 1019 estut
1125 970 1178 1010 nec
1192 956 1263 1026 justi
1279 955 1357 1012 mala
1369 955 1514 1028 patientes
1526 971 1558 1012 se
1568 955 1731 1028 quasivicti
1742 957 1844 1028 despa-

137 1030 174 1086 ad
189 1029 393 1088 decollandum
406 1031 512 1088 ductus
531 1037 585 1090 est.
598 1038 633 1090 st
650 1035 719 1109 quia
733 1037 815 1109 prius
830 1052 897 1094 eum
913 1035 965 1090 ha·
1021 1035 1096 1101 rent,
1111 1049 1164 1090 neo
1179 1033 1338 1091 inserentes
1353 1034 1508 1108 supplicia,
1524 1035 1608 1108 quasi
1619 1034 1845 1094 devictoriasibi

138 1117 249 1176 hebent
264 1118 464 1186 notissimum,
481 1122 614 1195 undique
636 1129 832 1182 convenerant
844 1126 880 1183 ad
899 1141 965 1196 spe·
1022 1127 1177 1179 assumant
1191 1123 1329 1180 fiduciam
1343 1141 1349 1181 :
1361 1124 1403 1180 ait
1417 1123 1496 1180 enim
1509 1124 1649 1181 Dominus
1668 1125 1704 1180 ad
1719 1124 1787 1194 lob,
1807 1124 1845 1180 de

139 1208 279 1263 standum
287 1212 411 1264 mortem
420 1208 865 1288 ojus.Circumsteteruntitaque
878 1214 967 1283 acies,
1021 1209 1125 1282 iniqua
1144 1211 1302 1270 Leviathan
1316 1212 1440 1286 loquens
1450 1212 1580 1287 potentia
1592 1229 1599 1280 ;
1611 1213 1697 1268 Dolus
1712 1214 1742 1268 in
1754 1229 1845 1269 mortu

138 1294 292 1353 virentem
310 1296 425 1353 Domini
445 1299 590 1358 deductus
603 1302 633 1358 in
649 1303 746 1360 medio
761 1307 815 1373 est,
831 1307 919 1376 atque
934 1317 969 1358 ex
1022 1300 1081 1373 ejus
1093 1300 1232 1370 dirigetur
1245 1300 1310 1373 (lob
1325 1319 1388 1371 vau,
1402 1304 1459 1372 25).
1475 1302 1556 1370 Quod
1566 1316 1714 1374 exponens
1728 1302 1844 1369 {heatus

140 1385 279 1442 omnibus
295 1384 421 1443 fortibus
437 1387 548 1447 electus
562 1395 607 1448 est
621 1409 709 1461 unua,
725 1393 761 1448 de
776 1410 833 1465 quo
844 1392 968 1448 dubium
1023 1389 1179 1462 Gregorius
1195 1390 1254 1446 ait:
1270 1391 1360 1448 Dolus
1372 1392 1480 1465 quippe
1496 1391 1526 1447 in
1542 1407 1632 1447 manu
1647 1394 1702 1457 est,
1719 1389 1799 1445 sraus
1815 1390 1844 1444 in

140 1489 199 1529 non
214 1477 302 1545 esset,
318 1477 395 1547 quod
409 1494 467 1533 uno
490 1477 550 1535 ictu
574 1486 662 1553 caput
683 1483 748 1554 ejus
772 1481 969 1548 abscinderet,
1023 1476 1214 1551 virtute,quia
1227 1495 1313 1537 omne
1329 1481 1407 1553 quod
1417 1478 1705 1554 nequitsrvolet,hoc
1720 1479 1756 1535 ad
1772 1481 1843 1534 tem·

139 1562 332 1621 venerandus
343 1564 433 1639 igitur
444 1567 489 1624 vir
499 1567 576 1626 iuter
592 1575 721 1627 armatos
735 1571 852 1636 ductus,
864 1570 900 1625 ad
916 1584 971 1625 sua
1025 1582 1081 1640 pus
1095 1568 1213 1641 exsequi
1228 1567 1316 1625 etiam
1332 1569 1445 1626 fortiter
1459 1572 1564 1642 potest.
1576 1566 1666 1624 Dolus
1687 1583 1754 1623 vero
1782 1567 1846 1638 ejus

142 1667 226 1709 arma
240 1653 339 1710 statim
357 1655 515 1712 concurrit.
531 1657 603 1715 Nam
629 1659 713 1731 petiit
733 1663 766 1714 ut
780 1658 837 1715 sibi
853 1659 972 1714 daretur
1025 1656 1112 1730 dirigi
1121 1657 1308 1728 dicitur,quia
1320 1659 1503 1731 lraudisejus
1513 1656 1625 1714 malitia
1633 1655 1715 1713 nulla
1725 1654 1848 1712 difficul-

142 1741 295 1814 paululum
311 1743 413 1800 orandi
429 1743 557 1802 licentia.
570 1747 622 1804 Cui
633 1748 704 1804 dum
716 1763 888 1805 concessum
900 1745 971 1802 iuis·
1025 1749 1085 1802 tate
1100 1746 1285 1819 praepeditur.
1297 1747 1357 1805 Hoc
1372 1748 1451 1805 enim
1466 1745 1627 1804 Leviathau
1641 1745 1708 1812 iste,
1719 1743 1764 1801 vel
1779 1760 1847 1801 vasa

142 1836 197 1903 set,
213 1833 243 1888 in
258 1837 336 1890 terra
350 1849 381 1889 se
396 1834 509 1906 stravit,
525 1841 555 1892 et
569 1837 671 1893 oravit.
694 1838 749 1905 Dui
768 1838 840 1893 dum
856 1834 968 1892 diutius
1022 1835 1087 1908 ejus
1096 1835 1202 1892 habere
1212 1835 1313 1893 crebro
1324 1837 1476 1910 proprium
1486 1834 1675 1908 solent,quod
1690 1834 1726 1890 ad
1739 1832 1846 1904 iniqui·

81 1913 85 1916 ’
142 1924 248 1987 oraret,
258 1921 513 1979 huncinterisetor
519 1924 597 1982 calce
605 1925 743 1997 pulsavit,
751 1925 866 1981 dicens:
877 1925 970 1996 Surge
1023 1925 1093 1981 tatis
1107 1941 1166 1981 sue
1177 1925 1343 1997 cumulum,
1356 1942 1391 1982 ea
1404 1942 1468 1998 quo
1483 1923 1618 1997 nequiter
1632 1926 1783 1996 appetunt,
1798 1938 1848 1978 ex·

142 2012 171 2063 et
185 2024 262 2081 genu
282 2010 355 2066 flexo
370 2011 459 2067 tende
485 2013 639 2069 cervicem.
656 2014 786 2069 Surrexit
814 2017 911 2069 autem
925 2012 971 2068 vir
1024 2011 1104 2086 plere
1119 2013 1388 2085 nequiuspossunt.

142 2096 205 2164 Dei,
226 2101 255 2153 et
277 2114 352 2172 genu
377 2100 450 2155 flexo
477 2101 619 2159 ceruicem
648 2103 794 2171 tetendit;
820 2103 872 2159 sed
888 2105 970 2158 tenso
1060 2102 1146 2175 Drgc,
1163 2102 1267 2160 tratres
1283 2103 1466 2175 charissimi,
1494 2102 1730 2174 nolitejudicare
1745 2117 1851 2157 secun·

143 2184 219 2242 collo
234 2187 370 2243 eductam
384 2194 485 2245 contra
496 2191 660 2264 sespadam
672 2190 801 2265 intuens,
812 2192 867 2249 hoc
878 2207 971 2247 unum
1028 2192 1100 2248 dom
1116 2191 1232 2260 sociem,
1248 2192 1300 2249 sed
1313 2192 1430 2264 justum
1447 2192 1595 2265 judicium
1605 2191 1747 2263 judicate,
1759 2189 1856 2245 consi-

143 2273 238 2330 fertur
252 2274 369 2347 publice
394 2278 524 2336 dixisse:
551 2281 657 2337 Sencte
679 2281 809 2338 loannes
831 2279 971 2354 Baptista,
1026 2279 1164 2336 durantes
1179 2279 1257 2351 quod
1273 2279 1430 2351 perversis,
1446 2279 1505 2335 imo
1520 2283 1549 2335 et
1559 2276 1754 2351 iniquissimis
1774 2275 1855 2347 judi·

144 2362 262 2436 suscipe
276 2364 369 2421 illam.
385 2366 467 2422 'luno
499 2367 609 2426 electus
637 2370 766 2426 carnifex
787 2369 972 2442 evaginatum
1026 2367 1110 2424 cibus
1125 2365 1293 2440 evangelica
1303 2365 1443 2439 loquatur
1455 2367 1678 2438 sententiaque
1689 2366 1746 2421 ait:
1765 2356 1857 2433 Quare

30 2530 33 2534 Δ
142 2451 276 2525 gladium
293 2456 407 2523 tenens,
423 2456 530 2513 adnisu
551 2457 631 2529 torti,
656 2458 686 2515 in
712 2459 804 2516 altum
819 2457 973 2516 brachium
1027 2461 1114 2514 duos
1133 2455 1367 2525 transgredimini
1379 2454 1541 2513 mundatum
1557 2453 1605 2510 Det
1627 2456 1740 2526 propter
1766 2451 1856 2509 tradi-

142 2555 341 2614 pcrcnesurus
358 2542 470 2614 levavit,
486 2547 538 2602 sed
554 2546 701 2621 deponere
721 2547 802 2604 nullo
818 2548 904 2604 modo
919 2564 973 2620 po·
1028 2547 1132 2603 tionem
1147 2552 1265 2602 vestram
1279 2544 1423 2618 (Mottxv,
1438 2543 1466 2615 3)
1481 2546 1494 2597 ι
1508 2542 1651 2599 Dominus
1666 2541 1745 2599 enim
1760 2541 1833 2597 dicit
1848 2566 1857 2609 ς

140 2626 200 2684 tuit
210 2644 219 2686 :
228 2632 428 2703 namgrcpsnta
438 2633 571 2707 diriguit,
580 2639 713 2693 stercuto
723 2636 753 2693 in
763 2635 868 2693 colum
876 2634 974 2709 gladio
1029 2633 1060 2692 Si
1071 2636 1133 2709 quic
1148 2637 1173 2690 te
1184 2635 1350 2707 percusserit
1366 2635 1399 2690 ia
1413 2632 1527 2688 &mero
1540 2631 1659 2688 maxilla
1671 2634 1734 2697 tuo,
1762 2631 1859 2702 prete

142 2717 298 2775 brachium
310 2719 469 2779 inflexibile
482 2725 634 2782 remansit.
651 2725 734 2782 'luno
750 2725 847 2782 omnia
862 2725 976 2797 Longo·
1029 2726 1058 2781 ei
1070 2733 1097 2780 et
1111 2725 1270 2795 elimet
1283 2725 1332 2796 qui
1343 2732 1434 2780 tecum
1443 2721 1562 2778 voluerit
1571 2720 1682 2794 judicio
1697 2719 1859 2776 contendere

141 2806 304 2864 bardorum
320 2809 406 2866 turba
421 2827 485 2882 que
511 2815 547 2870 ad
563 2813 635 2870 illud
652 2813 756 2870 mortis
773 2813 975 2887 spectaculum
1030 2816 1056 2870 e
1070 2815 1193 2870 tunicum
1207 2822 1284 2869 tuom
1298 2811 1517 2881 tollere,remitte
1529 2812 1557 2867 si
1570 2819 1597 2868 et
1608 2809 1859 2883 potitum(ltuttt.v

143 2896 256 2965 aderat,
272 2895 303 2952 in
318 2896 415 2954 laudis
434 2916 573 2972 pavorem
596 2919 737 2960 conversa
761 2901 865 2959 mirari
878 2902 976 2975 coepit,
1030 2901 1076 2975 39)
1090 2919 1101 2966 ,·
1115 2906 1145 2959 et
1159 2901 1401 2975 :Siputremtilioc
1410 2900 1564 2958 Beelzebub
1578 2903 1859 2968 vocaveruntquooto

22 3024 28 3041 .
142 2984 361 3055 virumquellei
376 3003 442 3044 cum
467 2989 573 3048 timore
597 2992 740 3061 venerari,
762 2991 832 3064 quia
846 2991 976 3065 prolecto
1029 2992 1119 3061 magis
1133 2991 1332 3048 etdemestiecs
1346 2989 1473 3062 ejuelEt
1487 2988 1517 3044 in
1540 2987 1700 3060 passione:
1730 2985 1805 3054 Quod
1832 2986 1860 3040 si

143 3071 292 3131 claruerat
304 3075 391 3149 cujus
407 3078 574 3137 sanctitatis
588 3083 675 3149 esset,
696 3080 747 3153 qui
761 3080 909 3137 carnificis
928 3086 976 3140 sui
1030 3081 1062 3136 io
1075 3080 1161 3136 viridi
1175 3081 1251 3150 tigno
1265 3081 1322 3136 laaee
1330 3078 1501 3153 severentia
1512 3076 1665 3149 mdopuid
1673 3075 1764 3146 fietlet
1775 3072 1858 3130 alibi:

142 3161 336 3221 brachiumin
344 3181 410 3223 aere
417 3165 547 3238 ligasset.
557 3168 657 3242 Itaque
664 3169 978 3243 postulatusutsurge·
992 3150 1014 3220 C
1032 3168 1206 3241 inpatientia
1212 3171 1302 3224 uestro
1306 3166 1701 3240 possidebitisuuimasueatrus
1711 3165 1785 3237 (Lac.
1797 3178 1858 3231 xxi,

144 3256 200 3321 rat,
214 3252 357 3310 surrexit:
371 3254 539 3328 postulatus
550 3273 619 3332 ergo
630 3258 824 3317 utbraohium
833 3257 981 3316 suicarni·
1036 3257 1128 3330 19).Dt
1142 3257 1183 3313 illi
1198 3256 1309 3313 dicunt:
1321 3256 1353 3312 Si
1368 3254 1478 3328 aliquid
1490 3255 1630 3311 adversus
1636 3253 1802 3312 sacerdotes
1808 3251 1862 3308 Dei

145 3343 211 3401 flcis
221 3346 350 3412 sanaret,
361 3345 479 3419 negavit
489 3345 589 3403 dicens
600 3364 607 3403 :
619 3347 679 3421 Ego
690 3365 743 3421 pro
756 3365 790 3406 eo
801 3347 883 3405 nullu
894 3348 981 3404 modo
1035 3346 1123 3402 iherit
1132 3342 1779 3419 prolatum‚pugnaesscvincendum.Undest
1789 3357 1861 3415 pre·

147 3433 248 3501 orabo,
258 3431 316 3489 nisi
323 3433 828 3509 anteamihijurameotumdederit,
836 3427 981 3510 quiscum
1035 3435 1119 3492 dieta
1134 3433 1286 3491 sententia
1296 3450 1364 3491 mox
1376 3433 1511 3490 subditur
1523 3432 1770 3506 :Hypocrttmteae
1779 3431 1862 3487 deuo-

148 3538 239 3579 manu
252 3521 311 3578 ista
330 3521 529 3581 Christianum
540 3524 693 3582 hominem
713 3542 770 3583 uon
785 3525 909 3583 occidat.
924 3525 981 3581 Sed
1037 3524 1079 3581 tis
1092 3525 1267 3597 prophetavit
1276 3523 1363 3579 leuius
1372 3521 1603 3595 ticenuPopuluc
1613 3521 1747 3580 tietutiie
1759 3519 1862 3576 meto-

148 3609 362 3684 Loogobardus
373 3611 450 3669 idem
462 3612 523 3686 qui,
538 3617 572 3670 ut
586 3613 628 3670 ita
637 3614 744 3688 dicam,
755 3614 982 3672 brachiumcon-
1034 3621 1126 3682 norat,
1141 3627 1189 3669 eor
1201 3616 1296 3668 cumn
1310 3628 1408 3668 eorum
1422 3611 1501 3684 leuge
1518 3619 1557 3669 est
1569 3629 1588 3668 o
1600 3627 1669 3667 me:
1688 3613 1750 3666 cine
1778 3624 1865 3665 cauea

148 3703 197 3775 tra
207 3704 298 3756 Deum
309 3701 455 3758 tendendo
466 3700 643 3775 perdiderat,
667 3720 754 3776 poena
779 3720 834 3760 sua
849 3703 983 3777 exigente
1036 3710 1130 3760 uuum
1141 3702 1236 3759 colunt
1248 3717 1301 3769 ote,
1312 3700 1437 3758 docentes
1451 3700 1590 3758 comanos
1603 3707 1629 3757 et
1650 3698 1787 3756 mandata
1814 3697 1863 3753 iso·

151 3787 323 3862 compulsus
332 3794 378 3847 est
384 3791 487 3863 jurare
497 3805 529 3847 ss
540 3789 899 3850 Christianumhominem
907 3809 981 3849 nun·
1037 3794 1144 3849 minum
1159 3790 1264 3863 (linitis.
1281 3806 1328 3858 xv,
1341 3790 1380 3863 7).
1399 3788 1471 3846 Hlno
1487 3788 1579 3846 Isaiae
1594 3806 1604 3843 .·
1622 3788 1668 3845 l'ae
1682 3788 1730 3860 qui
1744 3785 1864 3843 condunt

152 3895 242 3951 quam
252 3896 306 3935 suu
318 3895 408 3936 manu
421 3878 562 3936 occidere.
574 3878 657 3936 Nunc
669 3880 714 3937 vir
722 3881 772 3939 Dei
785 3881 857 3938 dixit
869 3881 894 3938 ei
907 3898 914 3937 ε
928 3881 982 3938 De
1038 3881 1111 3952 leges
1126 3882 1247 3952 iniquus,
1262 3883 1291 3935 et
1304 3879 1450 3935 scribentes
1464 3879 1632 3951 injustitiam
1641 3878 1819 3949 seripserunt,
1832 3879 1866 3931 ut

153 3985 228 4043 pons
242 3984 363 4025 manum
375 3968 514 4025 deorsum
526 3968 594 4042 :qui
611 3969 713 4026 statim
725 3971 864 4044 deposuit
874 3989 882 4042 3
893 3974 983 4044 atquc
1036 3970 1225 4045 opprimentem
1233 3968 1262 4024 iu
1273 3967 1380 4040 judicio
1387 3971 1562 4040 pauperes,et
1571 3967 1628 4023 uim
1641 3968 1764 4038 facerent
1774 3979 1865 4022 causer
1912 4041 1915 4046 ι

154 4057 234 4115 illico
244 4057 396 4130 adiunxit:
418 4057 544 4114 Remitte
554 4059 739 4132 evaginatum
751 4059 922 4133 gladiumin
932 4076 982 4116 va·
1036 4059 1187 4116 inmitium
1201 4059 1270 4132 (lau.
1285 4075 1312 4124 x,
1331 4056 1367 4128 1).
1384 4060 1419 4112 st
1433 4056 1558 4113 fortasse
1573 4053 1719 4112 audierint
1738 4053 1865 4110 Paulum

155 4148 268 4223 ginam,
285 4150 313 4204 st
327 4148 429 4204 statim
445 4147 570 4204 remisit.
586 4147 718 4221 Miroque
733 4149 984 4206 modosioactum
1038 4146 1361 4222 apostolumdiceutem
1375 4144 1515 4218 :Accipite
1529 4160 1576 4201 cos
1605 4150 1781 4200 amoturum
1805 4142 1864 4210 Dei,

155 4240 210 4308 est,
226 4239 303 4293 utet
317 4234 379 4308 ipse
402 4236 507 4293 heatus
535 4253 553 4292 a
582 4252 752 4309 percussore
779 4236 985 4310 caputinoun·
1036 4246 1069 4296 ut
1084 4237 1195 4309 possitis
1208 4236 1333 4292 restitere
1347 4236 1379 4291 in
1392 4235 1437 4291 die
1447 4233 1523 4290 mole
1536 4233 1645 4307 (Epist.
1661 4248 1701 4299 vx,
1713 4232 1768 4301 13).
1778 4229 1861 4295 Quod

155 4329 269 4383 ctauter
283 4325 440 4398 amitteret,
454 4328 484 4381 et
496 4324 553 4381 iste
567 4327 630 4397 ejus
645 4324 778 4382 invocato
793 4325 912 4382 nomine
924 4341 983 4381 non
1037 4328 1063 4385 si
1078 4327 1122 4383 vel
1132 4323 1293 4392 audierint,
1309 4324 1423 4380 utinam
1436 4321 1646 4396 intelligant,et
1659 4337 1724 4394 que
1738 4335 1866 4391 sequun-

156 4419 272 4473 tantum
289 4432 377 4473 suum
393 4417 531 4484 servaret,
548 4414 599 4470 sed
623 4415 714 4470 etiam
738 4414 822 4477 ferire
836 4412 982 4472 volentem
1037 4422 1105 4474 tur:
1119 4416 1226 4473 induite
1240 4414 1491 4482 torieomiustitte,
1501 4416 1643 4469 eumentes
1664 4413 1773 4473 scutum
1787 4406 1863 4477 fidei,

157 4505 229 4564 adeo
243 4505 274 4561 in
290 4505 431 4561 membris
446 4502 621 4560 debilitaret.
992 4520 1016 4586 Β
1032 4516 1058 4568 at
1068 4506 1177 4580 pateam
1190 4503 1288 4560 salutis
1303 4503 1441 4570 assumite,
1457 4505 1484 4558 et
1495 4501 1621 4574 gladium
1644 4500 1774 4574 spiritus,
1790 4494 1867 4567 quod

194 4596 236 4652 lhi
248 4595 441 4666 etiam(ltid.,
458 4610 483 4650 c.
500 4594 544 4666 18)
559 4596 589 4651 et
602 4592 711 4667 legitur
729 4592 885 4666 deiuvare
898 4592 988 4651 Bene.
1041 4601 1080 4657 est
1094 4595 1207 4654 serlum
1218 4593 1268 4649 Dei
1290 4592 1401 4664 (Epist.
1429 4608 1469 4660 vx,
1495 4591 1550 4660 to).
1569 4589 1651 4656 Ducd
1676 4590 1706 4643 et
1730 4585 1866 4643 Salomon

158 4685 235 4743 dioto
248 4683 465 4757 nomine‚cujus
479 4681 616 4740 cellulam
631 4698 699 4739 cum
711 4681 798 4738 Gothi
808 4681 888 4739 nullo
899 4682 986 4739 modo
1040 4700 1159 4762 quoque
1173 4682 1209 4739 de
1221 4680 1312 4753 justis
1326 4680 1462 4753 loquens,
1479 4678 1521 4736 ait
1534 4695 1541 4734 ι
1554 4679 1674 4735 induent
1685 4692 1735 4748 pro
1758 4680 1869 4732 thorace

157 4773 314 4831 incendere
322 4773 503 4846 potuissent,
522 4772 592 4829 inde
615 4787 682 4828 eum
707 4771 903 4839 extrahentes,
919 4787 984 4828 suc-
1031 4776 1379 4850 justitiametouument
1398 4784 1450 4841 pro
1478 4767 1558 4840 polee
1573 4765 1723 4840 judicium
1750 4767 1869 4830 mnam,

159 4879 246 4920 censo
260 4862 291 4918 in
301 4861 416 4919 clibano
425 4860 748 4931 clauserunt3dievero
757 4858 983 4917 alteraillasum
1037 4864 1271 4923 semicoctam
1286 4857 1501 4931 ineepupnotsie
1515 4855 1728 4928 equitatum.
1751 4868 1778 4922 v,
1809 4849 1867 4921 19).

160 4951 487 5023 euminvenerunt,sed
506 4948 984 5022 neevestimentaejusullomodo
1039 4949 1216 5027 Hujusmcdi
1231 4947 1321 5006 armis
1337 4947 1385 5004 isti
1410 4947 1504 5003 nostri
1532 4942 1718 5020 antesignani
1744 4956 1798 4996 nos
1821 4938 1881 4993 in·-

160 5045 232 5096 sunt
245 5044 358 5097 exusta.
380 5039 463 5097 Unde
478 5039 519 5096 ait
542 5039 645 5097 heatus
666 5038 825 5112 Gregorius
837 5038 867 5094 in
883 5038 985 5095 eodem
1040 5046 1160 5101 struunt
1172 5039 1323 5096 dimicare.
1332 5035 1406 5093 Nam
1418 5034 1611 5093 saecularibus
1625 5031 1716 5090 armis
1726 5043 1871 5102 pugnare,

139 5175 142 5178 .
160 5130 349 5203 Dialogorum
364 5129 458 5187 libro:
475 5129 579 5185 Petrus
593 5127 623 5184 in
634 5127 709 5184 mari
720 5127 845 5200 pedibus
855 5125 988 5183 ambula·
1041 5129 1225 5207 ipaePculus
1237 5144 1291 5184 nos
1302 5124 1438 5200 prohibet
1458 5124 1580 5182 dicens:
1605 5128 1668 5184 Neo
1694 5118 1872 5190 vosmetipsos

160 5217 213 5289 vit,
224 5218 333 5276 Paulus
343 5217 531 5291 naufragium
541 5215 671 5290 pertulit,
683 5220 712 5271 et
721 5216 751 5272 in
760 5217 989 5289 unoscdsmque
1042 5215 1399 5295 definientesetorttsimi,
1426 5214 1473 5272 sed
1496 5215 1562 5273 dote
1589 5215 1680 5270 locum
1706 5212 1769 5267 irae.
1796 5205 1874 5262 Seri·

161 5308 305 5365 elemento
321 5308 372 5365 uhi
387 5306 496 5365 Paulus
511 5322 578 5362 cum
594 5305 662 5362 navi
677 5305 719 5362 ire
743 5322 801 5361 non
825 5305 932 5378 potuit,
947 5303 989 5361 ibi
1041 5319 1121 5384 paam
1134 5313 1173 5366 eat
1187 5307 1280 5364 euim:
1296 5302 1365 5360 liiii
1378 5304 1530 5361 vindictam
1550 5316 1603 5374 epo
1621 5301 1784 5368 retrivuum,
1799 5293 1876 5352 dicit

162 5397 265 5455 Petrus
281 5397 405 5470 pedibus
421 5396 477 5453 iter
491 5394 568 5452 iecit.
584 5394 657 5451 Cum
670 5394 775 5451 Petrus
796 5394 892 5452 adhue
907 5393 991 5450 dubi·
1044 5399 1181 5455 Dominus
1195 5395 1284 5469 (Rom.
1299 5409 1350 5458 xri,
1368 5392 1423 5464 12).
1439 5393 1476 5448 ut
1488 5391 1594 5448 Petrus
1609 5386 1761 5460 apostolus
1774 5385 1876 5443 :Estote

162 5492 239 5544 taret
253 5487 283 5543 in
298 5485 366 5554 ude,
381 5485 489 5542 Paulus
509 5500 578 5541 veru
597 5484 654 5541 fide
672 5487 702 5539 et
725 5485 886 5556 operulam
901 5484 993 5556 perio·
1045 5485 1256 5546 aoaredteates
1269 5483 1376 5538 motum
1387 5497 1440 5554 pro
1454 5479 1538 5550 molo,
1553 5478 1596 5533 uel
1619 5475 1796 5532 meledictum
1822 5488 1876 5546 pro

163 5581 238 5644 etus,
255 5572 493 5633 constantissime
508 5590 560 5648 pro
583 5571 699 5631 Christo
716 5572 750 5627 ad
767 5573 941 5646 martyrium
958 5590 992 5630 eo
1048 5575 1205 5649 maledieto,
1220 5572 1268 5633 sed
1282 5589 1296 5632 e
1310 5571 1447 5631 contrario
1462 5568 1669 5635 teatensem
1684 5566 1752 5639 quia
1769 5564 1802 5622 iu
1825 5561 1878 5659 huf
