3908 6096
121 273 179 341 92³
773 277 974 343 annuebat
995 277 1172 344 nrlscoet
1773 270 1835 334 9²⁸

121 408 213 467 dixit:
239 407 318 467 Nihil
342 407 448 466 melius
476 411 521 467 est
548 427 637 483 quam
666 415 772 479 tacere,
801 416 892 484 pater.
909 414 944 470 Et
957 415 985 483 Α
1000 430 1067 471 mus
1084 430 1173 487 quem
1189 413 1330 486 corporis.
1347 413 1475 469 Ornatus
1494 410 1539 468 est
1563 405 1673 465 mentis
1688 404 1835 479 charitas,

123 500 324 557 dixizverum
354 503 409 569 est,
440 499 504 569 filii,
531 504 604 557 tace.
636 505 825 558 Horaautcm
842 502 944 559 mortis
999 504 1081 571 ildes,
1094 504 1256 573 humilitas,
1268 502 1394 572 bonitas,
1407 518 1440 558 ac
1451 499 1628 572 benignitas.
1640 496 1835 555 Dehisnam·

122 590 187 660 ejus
202 589 308 645 sedens
332 588 423 645 abbas
448 589 577 647 Isidorus
600 590 727 664 respexit
750 591 780 647 iu
795 591 901 648 coelum
917 595 945 646 et
998 608 1056 665 quo
1068 592 1224 649 virtutibus
1245 609 1328 649 mens
1339 594 1459 648 ornatur
1474 590 1536 646 aine
1548 587 1606 643 fine
1628 603 1701 643 cum
1716 590 1776 641 Deo
1792 585 1834 641 vi·

122 676 209 732 dixit:
230 676 348 747 Laetare,
370 676 423 732 tilii
443 678 590 746 Zacharia,
602 679 789 752 quiaapertra
812 678 944 735 sunttibi
999 685 1099 738 ctura:
1116 698 1182 739 caro
1193 682 1282 750 euim,
1294 676 1834 753 quamvispretiosisvestibuscoope-

117 765 218 837 janure
234 767 315 836 regni
331 765 481 822 coelorum.
496 767 596 836 Vides,
612 786 627 825 o
643 769 829 825 sanctissima
840 773 942 836 mater,
999 769 1101 838 riatur,
1112 770 1246 843 quamvis
1254 786 1325 825 auro
1334 772 1511 841 argentoque
1519 769 1650 830 ornetur,
1661 761 1742 819 nihil
1751 763 1832 819 aliud

121 854 199 926 quod
215 855 360 912 Zachariae
386 873 436 928 pro
461 856 670 913 taciturnitatis
696 858 823 913 maxima
837 856 944 912 virtute
998 865 1043 914 cst
1053 876 1142 931 quam
1154 876 1231 928 carc,
1242 858 1387 932 etpulvis,
1399 861 1428 912 et
1439 856 1547 922 lutum,
1559 859 1590 910 et
1606 857 1739 910 stercus.
1756 853 1833 916 Ous-

119 949 227 1016 apertae
239 946 339 1016 januas
354 944 428 1001 coeli.
443 945 478 1002 Ut
493 963 561 1018 ergo
576 951 605 1002 et
619 947 672 1007 tibi
687 947 865 1018 aperiantur,
879 962 945 1001 ama
998 953 1115 1021 propter
1129 966 1186 1005 nou
1202 963 1378 1021 magnopere
1394 946 1430 1001 de
1452 945 1586 1001 vestibus
1601 958 1747 1015 procura.
1763 941 1833 997 Cor-

119 1037 226 1098 tacere,
244 1034 332 1107 dilige
347 1034 443 1090 silere.
463 1036 531 1108 Legi
557 1036 635 1091 enim
660 1037 695 1090 dc
719 1036 846 1107 quodam
861 1051 943 1091 servo
998 1055 1053 1111 pus
1065 1039 1183 1093 domare
1194 1038 1352 1102 debemus,
1369 1051 1426 1090 non
1439 1032 1577 1089 balneum
1588 1031 1722 1088 subinde
1732 1032 1835 1102 requi-

120 1121 181 1188 Ilei,
196 1123 284 1195 quod,
308 1129 340 1179 ut
364 1124 594 1181 taciturnitatem
620 1125 753 1191 disceret,
780 1142 830 1196 per
845 1125 943 1196 plures
997 1142 1070 1193 rere,
1083 1143 1141 1182 non
1153 1131 1257 1182 ornata
1268 1125 1451 1190 vestimenta,
1462 1121 1683 1195 quiasiccrpus
1693 1125 1834 1175 nostrum

118 1227 211 1267 annos
226 1211 353 1285 lapidem
370 1212 399 1268 in
417 1230 465 1270 ore
481 1231 535 1269 suo
550 1214 715 1285 portaverit.
727 1215 875 1269 Admonco
886 1214 943 1268 ita·
998 1215 1120 1273 delicate
1131 1217 1291 1280 foveamus,
1303 1213 1417 1269 hostem
1430 1214 1563 1267 nostrum
1575 1209 1835 1266 nutrimusb'un·

119 1316 188 1372 quc,
205 1302 348 1358 admoneo
364 1303 482 1369 iterum,
499 1307 532 1357 ut
546 1302 677 1375 linguam
690 1308 769 1359 tuam
783 1303 942 1371 custodias,
998 1321 1085 1377 quarn
1098 1304 1176 1360 enim
1188 1304 1329 1374 majorem
1342 1300 1495 1356 inimicum
1508 1304 1607 1372 potest
1618 1298 1712 1354 homo
1724 1297 1835 1353 habere

121 1388 193 1445 nulli
210 1391 357 1460 detrahas,
373 1392 483 1447 nemini
500 1390 668 1459 maledicas,
685 1392 764 1447 nulla
775 1392 867 1448 risum
879 1408 941 1450 mo·
997 1410 1085 1466 quam
1102 1410 1226 1466 corpus;
1243 1408 1349 1465 corpus
1365 1390 1443 1447 enim
1459 1389 1549 1445 trabit
1563 1393 1700 1444 mentem
1716 1387 1753 1442 ad
1771 1402 1835 1459 pec·

119 1479 313 1535 ventiavcrba
332 1481 462 1552 proferas
476 1499 482 1548 ;
496 1479 590 1554 cogita
611 1498 698 1552 quam
719 1482 814 1537 brevis
834 1481 872 1537 sit
887 1481 943 1538 ista
996 1484 1133 1550 candum,
1146 1485 1175 1537 et
1185 1482 1249 1537 ideo
1261 1485 1378 1552 propter
1389 1477 1461 1535 illud
1473 1478 1559 1534 debet
1575 1492 1682 1533 servus
1694 1475 1748 1532 Dei
1760 1476 1833 1531 sub·

119 1567 188 1634 vita,
200 1573 229 1623 ct
242 1585 330 1640 quam
343 1568 451 1626 misera
472 1570 501 1625 in
517 1571 732 1642 comparatione
743 1575 855 1628 aterna
868 1571 941 1626 vitae.
992 1573 1129 1645 Jugatum
1146 1570 1264 1626 habere.

118 1660 184 1711 Hac
195 1650 350 1729 cogitando
359 1662 387 1714 et
397 1658 529 1731 linguam
539 1663 619 1714 tuam
630 1661 812 1727 refrenando,
824 1660 941 1715 imitan·
1182 1664 1248 1715 Car.
1264 1659 1339 1714 Vlll.
1356 1689 1391 1699 -
1406 1659 1444 1714 lle
1455 1657 1632 1720 chethaeutic.

118 1744 155 1800 do
167 1762 266 1802 eorum
280 1752 388 1815 actum,
400 1765 525 1820 quorum
537 1748 672 1820 superius
683 1750 758 1806 sacta
768 1749 941 1816 estmentio,
1032 1751 1122 1807 Debet
1136 1765 1263 1821 namque
1285 1764 1391 1819 corpus
1416 1745 1507 1818 allligi
1532 1761 1583 1819 per
1599 1743 1830 1812 abstinentiam,

120 1834 184 1890 siue
198 1835 289 1892 dubio
304 1837 340 1892 ad
356 1853 457 1893 eorum
472 1841 665 1907 consortium,
681 1841 755 1897 etad
769 1841 943 1915 eorumglo-
996 1838 1190 1912 pervigilium
1206 1844 1235 1895 et
1248 1854 1300 1910 per
1315 1837 1444 1893 diversos
1467 1834 1581 1902 modos,
1605 1833 1648 1890 ita
1664 1837 1782 1898 tamen,
1799 1836 1831 1888 ut

122 1923 194 1979 riam
206 1925 365 1996 pervenies.
380 1928 522 1994 Quoniam
534 1935 631 1986 autem
647 1931 677 1985 in
690 1931 788 1985 animo
811 1933 861 1985 tuo
870 1930 946 1986 mul·
997 1945 1113 2001 semper
1123 1945 1211 1985 suum
1223 1926 1352 1984 officium
1364 1940 1508 1997 suamque
1519 1921 1723 1980 obedientiam
1736 1920 1831 1993 possit

120 2017 184 2068 tum
209 2013 439 2072 taciturnitatem
464 2017 595 2074 iaculare
618 2019 692 2087 volo,
718 2024 747 2075 ct
767 2018 836 2091 quia
852 2020 945 2077 multa
996 2019 1144 2092 perlicere.
1161 2016 1370 2090 Castigandum
1386 2029 1502 2085 semper
1526 2015 1555 2069 et
1569 2010 1772 2084 affligendum
1786 2015 1830 2067 est

119 2100 197 2157 boua
218 2118 306 2175 opera
331 2108 450 2177 propter
470 2105 574 2161 vitium
598 2107 704 2180 lingua
729 2112 861 2180 percunt,
877 2107 943 2165 ideo
996 2124 1114 2180 corpus,
1132 2110 1164 2162 ut
1179 2106 1214 2162 ad
1231 2104 1342 2162 malum
1359 2120 1433 2176 opus
1448 2101 1577 2158 animam
1593 2115 1653 2156 non
1671 2100 1787 2165 trabat,
1801 2101 1828 2154 st

120 2191 216 2246 adhuc
233 2207 323 2247 unam
340 2193 544 2251 sententiolam
560 2196 595 2252 de
609 2196 809 2253 taciturnitate
822 2197 942 2268 suhjan-
995 2198 1032 2255 ad
1044 2196 1242 2269 paragendum
1253 2195 1365 2250 honum
1382 2192 1421 2249 sit
1441 2207 1556 2263 semper
1574 2188 1828 2259 idoneum.Nam,

118 2295 197 2352 gam.
214 2281 345 2337 venitin
363 2281 465 2339 itinere
485 2285 713 2344 conversationis
729 2303 788 2343 sua
803 2286 943 2358 Euagrius
995 2284 1105 2359 quiite
1120 2300 1227 2357 corpus
1243 2286 1381 2353 macerat,
1399 2286 1432 2337 ut
1443 2297 1480 2336 ne
1490 2279 1610 2352 quidem
1622 2278 1742 2334 bonum
1754 2292 1831 2348 opus

118 2370 153 2424 sd
170 2370 328 2441 quemdam
345 2387 455 2443 senem,
472 2379 501 2430 et
519 2374 592 2430 dixit
606 2375 651 2431 ei:
678 2375 729 2432 Dic
755 2375 839 2445 mihi,
856 2376 941 2444 abba,
995 2375 1089 2431 facere
1104 2373 1208 2445 valeat,
1223 2370 1410 2428 discretionis
1426 2369 1521 2425 adhuc
1540 2367 1661 2439 ignorat
1675 2366 1831 2422 virtutem.

117 2474 364 2532 sermonemque
378 2461 630 2521 salvusbam.llle
652 2468 749 2521 autem
769 2464 840 2520 dixit
852 2464 896 2520 ei:
912 2464 942 2520 si
995 2462 1032 2519 Ut
1046 2463 1137 2536 igitur
1151 2465 1181 2518 et
1202 2477 1308 2533 corpus
1328 2459 1405 2515 scias
1424 2457 1565 2529 affligere,
1591 2459 1621 2512 et
1645 2458 1829 2527 temperare,

115 2546 160 2603 vis
170 2547 267 2604 salvus
280 2549 352 2617 lieri,
364 2551 481 2623 quando
492 2554 528 2608 ad
540 2553 667 2625 aliquem
685 2553 777 2621 vadis,
790 2570 847 2609 nou
860 2553 942 2625 prius
995 2568 1088 2607 unum
1104 2554 1139 2608 de
1149 2551 1208 2607 rita
1220 2554 1389 2607 sanctorum
1401 2547 1521 2603 Petrum
1533 2545 1629 2601 dicam
1641 2559 1830 2600 sermonem.

117 2635 249 2706 loqueris
260 2652 349 2708 quam
359 2638 409 2695 ille
420 2645 448 2696 te
459 2640 597 2712 inquirat
613 2642 753 2715 Evagrius
774 2642 804 2697 in
815 2642 870 2698 boc
880 2657 939 2698 ser·
994 2640 1151 2697 Dicebatur
1166 2640 1201 2695 de
1217 2637 1344 2712 quodam
1368 2640 1462 2708 patre,
1485 2633 1562 2706 quod
1587 2632 1661 2688 dum
1675 2629 1831 2687 secularis

120 2740 206 2780 moue
215 2730 409 2798 compunctus
419 2729 619 2800 poeaitentiam
628 2731 723 2803 egitin
733 2735 942 2803 conspectuse·
996 2734 1082 2797 esset,
1095 2733 1124 2784 et
1134 2729 1289 2800 conjugem
1299 2725 1462 2792 habuisset,
1474 2727 1575 2796 postea
1586 2736 1752 2778 conversus
1764 2724 1830 2776 ten·

119 2813 175 2881 nis¹
188 2813 405 2872 ctsetissecitei
426 2817 544 2875 dicens:
566 2816 655 2876 Crede
675 2820 757 2891 mibi,
771 2818 940 2875 multoseo·
996 2818 1232 2874 tabaturdeeaa
1252 2817 1369 2873 Sataua.
1381 2815 1446 2886 lpse
1465 2828 1531 2868 vero
1550 2808 1683 2866 narravit
1702 2809 1762 2865 hoc
1775 2826 1827 2881 ps·

34 2896 38 2902 “
117 2901 197 2958 dices
208 2900 276 2975 legi,
290 2908 318 2960 et
328 2904 416 2962 talem
425 2907 619 2964 eruditionem
628 2908 896 2980 nunquaminveni.
906 2909 940 2964 ut
996 2906 1101 2962 tribus.
1115 2906 1168 2971 Qui
1184 2923 1251 2962 cum
1267 2904 1428 2974 audissent,
1445 2901 1515 2974 quia
1528 2898 1682 2972 operarius
1695 2903 1788 2968 esset,
1799 2902 1828 2954 et

116 2991 243 3047 multum
260 2992 416 3066 proficiens
440 2995 537 3052 exivit.
563 2998 604 3053 Ex
626 2997 674 3054 his
697 2997 776 3054 enim
799 2997 938 3067 verbis‚o
996 2996 1108 3066 majora
1123 2995 1216 3052 iacere
1232 2993 1386 3067 potuisset,
1403 3006 1491 3063 quam
1505 2989 1532 3045 ei
1546 2987 1713 3057 dicebatur,
1728 2988 1826 3061 impo-

115 3080 304 3137 sanctissima
314 3087 418 3154 mater,
432 3083 528 3141 lucide
547 3085 766 3142 demonstratur
778 3103 785 3154 ;
797 3086 883 3142 beata
894 3089 938 3141 est
995 3088 1119 3140 suerunt
1130 3084 1156 3139 ei
1172 3084 1294 3155 majora,
1306 3085 1339 3138 ut
1354 3078 1557 3137 debilitaretur
1568 3092 1678 3148 corpus
1694 3077 1776 3149 ejus,
1788 3077 1831 3134 ita

116 3167 167 3226 illa
178 3169 286 3238 anima,
300 3188 363 3243 que
375 3171 582 3230 taciturnitatis
601 3176 733 3247 perlecta
751 3174 839 3230 habet
849 3152 977 3231 virtu-G
996 3176 1029 3228 ut
1039 3189 1157 3246 surgere
1171 3188 1229 3228 non
1240 3174 1348 3244 posset.
1361 3173 1416 3226 Deo
1432 3171 1530 3224 autem
1541 3165 1748 3238 dispensante,
1763 3165 1830 3238 qui·

119 3261 192 3315 tem.
204 3259 297 3327 Dilige
307 3260 383 3317 beno
392 3262 539 3334 virtutem,
551 3263 668 3336 posside
678 3263 732 3319 boc
743 3264 864 3332 donum,
878 3278 945 3318 con-

122 3348 292 3406 servabano
303 3351 502 3423 margaritam.
525 3352 693 3409 Amandum
708 3357 753 3408 est
772 3369 839 3425 argo
855 3351 943 3408 silen-

122 3437 208 3506 tium,
220 3439 290 3510 quia
297 3455 349 3512 per
358 3439 387 3495 id
398 3439 550 3497 humilitas
559 3441 698 3509 nutritur,
711 3440 844 3514 lacryma
854 3441 944 3514 glori·

62 3539 64 3543 ’
117 3528 943 3602 ·sntur,adextremummultamalaperilluddccllnantur.

243 3613 310 3671 Gar.
326 3615 388 3671 Vll.
404 3646 439 3656 —
453 3617 491 3673 lle
510 3618 679 3673 continentia
697 3618 819 3673 vestitus.

154 3702 233 3758 Sciat
244 3702 369 3776 denique
378 3704 530 3760 beatitudo
541 3708 603 3776 tua,
615 3721 631 3760 o
643 3706 830 3762 sanctissima
841 3712 944 3776 mater,

121 3793 199 3864 quod
211 3792 240 3846 iu
251 3792 434 3850 vestimentis
444 3793 670 3851 sitcontiuentia
678 3793 760 3852 valde
769 3795 943 3852 necessaria.

122 3880 198 3937 Sunt
212 3882 300 3938 stiam
316 3881 412 3952 multi,
430 3883 481 3956 qui
496 3888 611 3954 putant,
627 3885 703 3956 quod
716 3885 864 3957 appetitus
879 3900 944 3957 pre-

123 3970 266 4028 tiosarum
282 3971 407 4028 vestium
423 3977 574 4046 peccatum
586 3990 644 4030 non
654 3973 702 4030 sit.
715 3975 796 4040 Quod
808 3974 833 4030 si
844 3990 945 4047 pecce-

123 4063 185 4116 tum
207 4061 400 4133 maluisset,
424 4078 611 4134 nequaquam
638 4063 779 4120 Dominus
801 4063 944 4120 loannem

123 4151 158 4206 de
169 4149 325 4222 asperitate
335 4151 500 4207 vestimenti
513 4152 558 4208 eui
568 4151 719 4208 laudasset
729 4177 736 4221 ;
746 4153 871 4209 sitenim
882 4158 945 4209 tur·

997 3261 1066 3318 dam
1077 3261 1248 3335 peregrinus
1260 3258 1387 3330 advenit,
1399 3262 1428 3314 et
1435 3254 1625 3331 pertransivit
1633 3253 1832 3327 cellamejus,

998 3351 1149 3407 admirans
1163 3349 1310 3423 quomodo
1326 3363 1411 3405 nemo
1431 3361 1568 3419 egressus
1582 3348 1663 3400 esset
1677 3344 1709 3400 in
1725 3359 1833 3402 occur·

999 3457 1065 3496 sum
1081 3441 1156 3512 ejus.
1173 3440 1207 3495 llt
1228 3454 1362 3495 reversus
1386 3435 1523 3509 pulsabat
1548 3432 1670 3490 diesne:
1696 3433 1741 3490 Ns
1757 3435 1834 3490 forte

998 3531 1100 3601 fruter,
1113 3528 1204 3601 quiin
1216 3544 1250 3584 ea
1269 3525 1393 3592 habitat,
1412 3523 1588 3579 infirmetur.
1610 3521 1750 3587 Quicum
1767 3522 1833 3596 pul-

998 3622 1094 3675 sasset
1104 3622 1159 3688 ter,
1171 3615 1300 3685 intravit,
1312 3618 1341 3671 et
1351 3612 1463 3671 invenit
1472 3627 1541 3668 eum
1558 3609 1648 3666 nimis
1660 3611 1832 3678 infirmum,

998 3706 1096 3764 etdixi
1109 3706 1153 3762 ei:
1176 3705 1249 3773 Quid
1275 3704 1376 3774 habes,
1397 3700 1503 3775 pater?
1527 3703 1563 3755 nt
1580 3701 1732 3757 enarravit
1743 3701 1771 3758 ei
1787 3701 1832 3757 di·

999 3812 1088 3852 cens:
1105 3795 1163 3868 Ego
1179 3794 1215 3850 de
1238 3792 1371 3850 seculari
1393 3791 1453 3846 vita
1474 3805 1552 3856 sum,
1577 3791 1607 3844 et
1621 3787 1771 3846 sollicitat
1786 3806 1832 3846 me

1000 3885 1087 3941 modo
1097 3883 1236 3940 iuimicus
1247 3898 1330 3939 meus
1346 3881 1381 3937 de
1396 3895 1485 3936 uxore
1500 3894 1575 3948 mea,
1590 3881 1620 3934 et
1641 3879 1764 3935 narravi
1780 3896 1832 3952 pa·

999 3973 1106 4040 tribus,
1123 3978 1152 4029 et
1174 3973 1377 4044 imposuerunt
1389 3967 1462 4024 mihi
1473 3982 1563 4024 onera
1572 3965 1691 4024 diversa
1703 3985 1710 4036 ;
1720 3973 1753 4024 et
1763 3985 1831 4025 cum

1000 4063 1122 4136 implere
1132 4061 1235 4118 vellem
1243 4061 1340 4131 jussa,
1352 4057 1454 4123 deieci,
1466 4059 1603 4113 ettamen
1614 4055 1763 4114 stimulus
1773 4074 1833 4114 cm-

1000 4151 1065 4208 ecit.
1085 4150 1215 4207 Audiens
1227 4153 1325 4205 autern
1337 4148 1397 4203 hac
1417 4161 1517 4217 senex,
1537 4144 1731 4203 contristatus
1743 4151 1791 4203 est
1805 4151 1833 4203 et

1000 4240 1092 4297 dixit:
1111 4239 1262 4312 Siquidem
1278 4242 1375 4310 patres
1390 4239 1418 4292 et
1432 4234 1532 4308 magni
1546 4234 1600 4290 viri
1616 4234 1692 4291 hene
1707 4234 1766 4292 tibi
1777 4237 1831 4292 im·

1001 4332 1162 4402 posuerunt
1172 4344 1270 4398 onera,
1283 4327 1391 4399 quibus
1401 4323 1532 4398 gravaris
1546 4323 1615 4392 ;sed
1625 4323 1650 4379 si
1664 4341 1714 4381 ms
1723 4341 1832 4398 parvu-

122 4238 168 4296 bis
181 4258 188 4296 :
202 4240 272 4308 Quid
282 4242 378 4297 emistis
388 4243 419 4296 tn
429 4241 570 4298 desertum
589 4241 707 4298 cidere?
726 4241 864 4298 bominem
873 4244 944 4299 mol-

121 4330 195 4385 tibus
206 4331 335 4386 vestitum
343 4333 356 4383 ?
364 4345 422 4386 ecce
433 4332 482 4402 qui
499 4329 632 4386 mollibus
641 4332 805 4398 vcstiuntur,
817 4333 848 4387 in
857 4332 945 4389 domi·

123 4419 172 4474 bas
186 4435 282 4491 repam
298 4426 363 4474 suat
374 4420 451 4488 (luc.
467 4435 519 4487 vn,
542 4419 599 4491 25).
622 4422 751 4476 loannes
767 4436 834 4492 ergo
850 4419 946 4476 molli·
1001 4418 1063 4474 lum
1079 4418 1181 4474 audire
1195 4415 1333 4488 volueris,
1350 4415 1407 4470 cito
1421 4412 1573 4470 inveniens
1584 4412 1730 4485 requiem.
1743 4414 1834 4471 Sume

122 4508 179 4564 bus
190 4508 313 4565 vestitus
324 4513 465 4581 negatur:
481 4507 550 4580 quia
560 4508 613 4579 qui
624 4507 763 4565 mollibus
775 4511 946 4578 vestiuntar,
962 4523 985 4588 Ι)
1001 4523 1122 4581 parvum
1137 4506 1235 4562 cibum
1251 4505 1281 4560 in
1296 4510 1427 4577 tempore
1439 4518 1503 4570 suo,
1519 4505 1548 4558 et
1562 4500 1740 4574 recolligens
1755 4503 1833 4560 vires

124 4599 218 4670 magis
234 4603 348 4654 terreno
363 4598 423 4671 regi
439 4596 569 4654 serviunt
585 4614 673 4670 quam
688 4596 808 4654 coelesti.
819 4598 947 4655 loannes
1001 4600 1068 4652 tuas
1084 4596 1129 4651 iac
1144 4592 1362 4666 aliquantulum
1383 4608 1457 4665 opus
1471 4588 1533 4658 Ilei,
1549 4593 1578 4646 et
1590 4590 1673 4662 jacta
1692 4590 1723 4647 in
1735 4591 1831 4650 Deum

122 4686 945 4760 enimprimusNovi'l'sstamentimonachuspiliscamc·
1000 4679 1833 4758 cogitatumtuum,quodtuislaboribushsncimpugns-

124 4775 220 4831 lorum
246 4775 366 4831 indutus
382 4775 474 4832 luisse
488 4774 604 4848 legitur.
630 4775 658 4831 si
674 4776 732 4846 illc,
747 4776 797 4849 qui
817 4776 846 4832 in
863 4781 946 4833 utero
999 4772 1109 4830 tionem
1120 4789 1178 4828 non
1189 4770 1298 4845 poteris
1311 4786 1459 4843 superare.
1479 4771 1589 4840 Corpus
1599 4768 1681 4826 enim
1692 4775 1831 4829 nostrum

122 4864 226 4922 matris
242 4863 444 4920 sanctificatus
460 4863 525 4935 fuit,
542 4869 570 4921 et
585 4865 648 4921 ideo
669 4865 796 4921 multum
810 4865 945 4923 amabilis
999 4862 1080 4918 velut
1089 4860 1295 4918 vestimentum
1305 4865 1351 4917 est
1362 4879 1368 4929 ;
1381 4860 1405 4916 si
1417 4875 1485 4915 curn
1496 4858 1673 4916 discretione
1685 4860 1763 4918 illud
1772 4866 1831 4919 tra-

121 4960 210 5028 atque
221 4953 347 5010 dilectus
357 4953 478 5019 exstitit,
491 4955 540 5026 qui
550 4954 606 5010 suit
615 4971 701 5011 verus
710 4955 945 5027 prophetastiam
1000 4949 1132 5017 etavcris,
1144 4949 1242 5016 stabit,
1255 4949 1280 5006 si
1291 4954 1389 5006 autem
1400 4965 1468 5005 eum
1477 4947 1652 5004 discretione
1660 4950 1766 5007 omnia
1773 4969 1831 5009 non

121 5043 288 5117 plusquam
301 5043 453 5116 propheta,
466 5041 535 5113 pilis
547 5043 726 5100 camelorum
736 5043 878 5109 induitur,
891 5061 945 5100 nos
1000 5040 1105 5113 egeris,
1117 5056 1173 5096 non
1186 5039 1285 5096 stabit.
1298 5037 1431 5104 Quicum
1454 5036 1587 5094 audisset
1601 5053 1682 5109 cum,
1694 5038 1767 5097 iecit
1779 5040 1832 5109 ita,

122 5134 170 5206 qui
180 5136 346 5206 peccatores
355 5131 501 5188 etinfirmi
511 5147 625 5200 sumus,
636 5136 745 5204 quanto
755 5133 849 5205 magis
858 5133 946 5188 debe·
999 5134 1029 5187 et
1038 5129 1115 5186 inira
1126 5145 1234 5202 paucos
1245 5129 1307 5185 dies
1319 5126 1672 5199 recessitstimuluscjus.
1682 5128 1771 5188 Hunc
1780 5147 1832 5188 au·

124 5238 191 5278 mus
203 5221 450 5278 vilibusvestibue
463 5237 526 5277 esse
537 5220 791 5278 coutenti‘lNemo
806 5239 943 5295 namque,
999 5222 1058 5275 tem
1074 5235 1222 5275 summam
1237 5218 1303 5274 ideo
1323 5218 1449 5274 scribere
1472 5215 1549 5273 volui
1575 5217 1605 5272 iu
1629 5216 1688 5274 isto
1712 5221 1830 5289 ordine,

122 5315 156 5366 ut
171 5312 212 5367 ait
227 5313 330 5368 beatus
344 5327 420 5382 papa
434 5308 603 5382 Gregorius,
626 5309 754 5381 pretiosa
772 5311 946 5367 vestimenta
1000 5309 1088 5380 quod,
1101 5324 1165 5380 quas
1176 5307 1312 5380 superius
1323 5306 1475 5374 admonui,
1487 5305 1516 5362 id
1527 5310 1582 5373 cst,
1593 5306 1762 5382 silentium,
1772 5327 1829 5367 nu·

122 5417 181 5456 non
192 5400 227 5455 ad
239 5401 357 5455 inanem
368 5399 491 5471 gloriam
503 5397 616 5470 querit.
626 5400 794 5455 Peccatores
805 5399 883 5455 enirn
895 5417 944 5456 su·
999 5394 1828 5469 ditas,abstinentia,oorporisquecsstigaticcumdiscre-

123 5505 200 5554 mus‚
212 5493 241 5543 et
251 5489 314 5544 idco
326 5487 453 5561 pretiosa
464 5487 639 5544 vestimenta
649 5504 775 5559 quaerere
788 5505 845 5545 non
857 5490 944 5546 debe·
999 5486 1079 5544 tione
1088 5490 1158 5543 sunl
1167 5487 1290 5560 agenda.
1311 5485 1451 5543 Discretio
1461 5501 1528 5543 vero
1544 5485 1762 5558 magnavirtus
1772 5494 1825 5558 est,

122 5596 199 5639 mus.
212 5577 306 5650 Magis
321 5593 386 5634 vero
401 5580 572 5635 ornamenta
592 5576 701 5635 mentis
717 5594 847 5651 quarere
857 5579 943 5638 debe·
999 5576 1068 5651 quia
1079 5577 1235 5650 peripsam
1246 5573 1824 5648 muadeclinantur,etbonasarvantua
