3908 6096
192 286 248 348 lot

691 278 858 344 sarolus
880 277 1170 342 vuaouuuuusts
1194 278 1371 343 episcopt

1838 288 1900 351 lffl

190 416 269 473 dere.
298 434 309 465 ι
326 415 382 473 Sed
397 415 422 472 si
438 430 496 488 qus
510 430 562 489 per
576 413 762 486 adoptionem
778 428 862 469 soror
876 410 929 467 tibi
947 427 1011 468 esse
1025 412 1053 478 Α
1068 413 1266 482 quaerentem
1277 413 1486 484 nequesummi
1496 414 1899 495 pontificessecularesleges

190 504 319 577 eruperit,
326 505 459 578 quandiu
470 505 589 578 quidem
600 505 713 560 constat
723 500 850 573 adoptio,
858 517 927 557 sans
937 499 1014 556 inter

1067 500 1896 580 adeorespuendocoutrivere,oumnosteratqueipsorum

190 596 333 650 testeam
345 593 456 667 nuptias
466 592 624 651 consistere
635 608 693 648 non
706 594 840 663 possunt.
849 611 864 639 o
877 589 912 644 ut
924 588 1010 645 item:
1066 587 1209 644 Dominus
1221 605 1254 645 ac
1268 589 1406 662 Magister
1417 591 1514 650 dicat:
1530 598 1591 651 lieo
1604 596 1669 652 oeni
1683 596 1769 668 fecem
1778 598 1894 666 totvm,

191 703 206 732 α
221 681 252 738 Si
274 682 414 740 adversus
428 698 463 739 aa
476 699 539 754 qus
555 680 683 737 diximus
698 677 790 750 aliqui
807 677 943 748 coierint,
959 692 1013 732 neo

190 769 245 838 vir,
262 785 315 828 nec
339 788 420 839 uxor,
437 786 491 828 nec
505 768 624 843 nuptis,
640 782 693 824 nec
710 765 943 834 matrimonium,
960 781 1013 820 nec

191 860 245 917 dos
258 859 442 934 intelligitur.
455 860 556 930 ltaque
571 856 622 930 qui
637 874 672 914 ex
686 854 738 912 tali
751 855 828 913 coitu
839 858 1011 922 naseuntur,

191 948 222 1005 iu
237 953 380 1023 potestate
395 948 486 1021 patris
501 964 561 1004 uon
576 951 656 1015 sunt,
671 946 722 1002 sed
737 944 810 1001 tales
825 949 904 1016 sunt,
919 960 1011 1016 quan·

190 1041 254 1094 tum
265 1039 302 1095 ad
317 1036 442 1109 patriam
458 1039 633 1109 potestatem
647 1035 781 1109 pertinet,
794 1033 896 1106 quales
907 1037 978 1089 sunt
992 1030 1013 1086 ii

186 1141 264 1197 quos
276 1129 370 1182 mater
377 1124 465 1198 vulgo
476 1124 618 1197 concepit.
632 1123 772 1196 Sequitur
782 1139 850 1197 ergo
863 1126 896 1178 ut
906 1126 936 1178 et
949 1121 1012 1177 dis-

189 1213 285 1272 soluto
300 1214 389 1286 coitu,
405 1229 458 1270 nec
473 1214 550 1270 dotis
565 1212 708 1270 exactioni
722 1212 805 1268 locus
824 1212 872 1279 sit,
888 1215 917 1267 et
940 1209 1012 1266 alias

188 1320 290 1377 poenas
301 1304 462 1376 patiantur,
473 1319 539 1374 quae
551 1303 642 1360 sacris
652 1301 912 1359 constitutionibus
923 1298 1013 1355 conti-

188 1396 306 1449 nentur.
323 1415 338 1443 »
360 1390 447 1448 Nulla
461 1392 586 1464 denique
601 1389 719 1463 adoptio
733 1390 801 1446 talis
815 1406 879 1446 csse
895 1386 1011 1461 poterit,

190 1498 279 1554 quam
294 1481 355 1538 bac
380 1497 430 1554 per
445 1497 534 1554 quam
550 1480 684 1537 homines
698 1479 751 1535 filii
767 1479 815 1534 Dei
832 1478 1011 1533 efficiuntur.

188 1570 254 1627 llaec
269 1575 314 1629 est
326 1571 404 1627 enim
418 1571 548 1643 adoptio,
562 1586 627 1642 que
638 1568 816 1641 emancipari
832 1582 889 1622 non
906 1569 1010 1638 potest.

189 1659 271 1718 Unde
285 1659 388 1716 beatus
397 1659 509 1716 Paulus
524 1658 744 1731 aitapcstolus:
760 1659 817 1728 Qui
828 1655 1011 1728 pradestina-

1066 676 1114 732 sed
1125 677 1279 749 adimplere
1289 679 1396 749 (uuit.
1407 697 1435 746 v,
1449 682 1503 754 17).
1514 681 1586 739 ltem
1599 684 1808 742 sanctissimus
1817 703 1895 761 papa

1066 765 1196 822 calixtus
1210 767 1299 839 (epist.
1311 771 1337 840 2,
1353 769 1390 825 cat
1402 785 1495 827 omues
1508 771 1663 830 chwrum
1676 775 1770 847 episc.)
1784 792 1792 832 t
1809 798 1823 827 ι(
1835 777 1894 836 Nee

1067 871 1117 911 eos
1132 855 1219 926 viros,
1231 873 1305 927 quos
1320 855 1399 930 leges
1409 859 1508 916 seculi
1519 862 1665 934 rejiciunt,
1677 865 1828 937 suscipere
1842 867 1894 924 de·

1067 944 1181 999 bemus.
1192 948 1290 1016 Ipsam
1305 963 1421 1019 quoque
1432 948 1596 1017 infamiam,
1607 967 1666 1023 qua
1680 953 1795 1025 aspersi
1809 959 1892 1025 suut,

1067 1032 1163 1089 delere
1173 1050 1231 1089 nou
1247 1051 1417 1106 possumus,
1429 1039 1480 1094 sed
1495 1040 1609 1096 animas
1620 1056 1723 1097 eorum
1735 1058 1789 1115 per
1801 1045 1892 1116 pesni-

1066 1121 1189 1177 teutiam
1200 1122 1346 1193 publicam
1359 1129 1387 1181 et
1399 1125 1532 1183 Ecclesia
1543 1127 1775 1187 satisfactionem
1786 1148 1893 1191 sanare

1067 1211 1215 1282 cupimus.
1230 1234 1245 1262 a
1261 1213 1331 1269 ltem
1344 1213 1521 1288 Dionysias:
1538 1238 1553 1267 «
1568 1218 1695 1275 lufames
1709 1236 1813 1279 omnes
1827 1239 1894 1280 esse

1067 1314 1221 1356 censemus
1249 1302 1299 1374 qui
1329 1318 1413 1358 suam
1439 1304 1637 1363 Curistianam
1665 1310 1893 1379 prevaricantur

1067 1387 1280 1460 legem.»1tem
1292 1390 1492 1464 llntyobiauus
1503 1410 1509 1450 :
1522 1416 1536 1444 a
1548 1394 1690 1454 Similiter
1699 1398 1891 1471 prohibemus

1067 1481 1100 1531 ιιι
1116 1476 1201 1533 nulla
1216 1495 1311 1536 causa
1326 1497 1343 1535 a
1354 1480 1505 1551 judicibus
1516 1482 1721 1542 ecclesiasticis
1732 1487 1892 1545 audiantur

1067 1581 1130 1637 quas
1141 1566 1255 1639 legibus
1266 1585 1324 1624 non
1337 1570 1576 1629 continenturval
1587 1589 1651 1644 qus
1662 1575 1816 1648 prohibita
1826 1593 1892 1636 esse

1066 1660 1238 1712 noscuntur.
1254 1679 1269 1709 »
1292 1657 1345 1713 Hic
1360 1663 1389 1714 et
1402 1660 1609 1718 sanctissimus
1623 1662 1718 1720 lulius
1733 1680 1811 1739 papa
1824 1682 1893 1723 con·

189 1751 229 1806 sit
253 1751 285 1805 io
310 1749 481 1821 adeptionem
501 1750 626 1821 filiorum
644 1763 695 1820 per
711 1747 851 1803 Christum
864 1746 966 1812 iesum,
982 1746 1012 1799 iu
1066 1743 1742 1823 firmatsscatissimusetiamGregoriusmulta
1750 1757 1891 1812 Romans

188 1837 438 1911 ipsumsecuudum
448 1834 1011 1911 propositumvutuntutissuaeiatcudem
1064 1831 1138 1905 legis
1162 1834 1291 1906 capitula
1315 1836 1577 1906 confirmassae
1604 1839 1730 1897 inseruit
1752 1841 1889 1916 registro.

185 1929 282 1997 quus
305 1929 408 1997 oratic
430 1942 490 1985 auce
513 1927 619 1999 (spires.
640 1943 660 1995 1,
680 1927 719 1998 5).
739 1925 830 1996 Cuius
844 1923 1011 1996 adoptionis
1065 1922 1275 1994 Ergo,domine
1288 1923 1891 2004 mi,ubsonumessevidetur,ntspiritalis

186 2015 358 2089 participem
372 2032 458 2073 nemo
468 2015 593 2088 ambigit
601 2031 668 2073 sum
680 2015 730 2087 qui
743 2014 906 2070 secundum
916 2028 1011 2068 sacra·
1065 2011 1195 2068 affinitas
1206 2012 1374 2070 carnalibus
1385 2014 1570 2088 amplexibus
1585 2018 1730 2075 ‹leservire
1744 2025 1889 2093 cogatur:

186 2108 354 2161 mentorum
363 2105 497 2161 ordinem
508 2103 840 2179 puercsbaptizantibus
848 2102 941 2170 offert,
948 2102 1011 2173 qui·
1065 2101 1107 2156 ait
1117 2102 1195 2157 enim
1206 2101 1426 2159 beatusPaulus
1437 2105 1607 2176 apostolus:
1623 2109 1670 2164 Vos
1680 2108 1796 2165 enimin
1806 2109 1891 2166 liber-

186 2209 244 2264 que
254 2209 306 2265 pro
314 2193 387 2265 ipsis
397 2193 559 2250 seeundum
568 2192 717 2249 catholicae
725 2192 793 2249 fidei
803 2206 1010 2256 normammun
1065 2196 1119 2245 tate
1129 2193 1218 2246 vocasti¹
1227 2193 1425 2263 eatis‚frctres;
1436 2201 1587 2251 tantumne
1597 2197 1754 2254 libertatem
1767 2199 1798 2254 io
1810 2213 1890 2256 occs-

186 2282 437 2355 qaemedmcdum
456 2283 493 2339 de
510 2281 613 2352 altera,
629 2281 680 2338 sed
696 2282 773 2337 sicut
786 2280 822 2337 de
835 2279 964 2353 propria,
979 2279 1009 2334 iu
1063 2280 1140 2335 sione
1153 2278 1222 2335 detis
1235 2282 1328 2337 curuis
1343 2280 1413 2354 (Gal.
1429 2299 1456 2352 v,
1471 2284 1528 2355 13),
1544 2284 1695 2343 etiterum
1712 2287 1792 2358 :Qui
1804 2290 1892 2346 semi·

186 2371 282 2445 prims
291 2387 416 2445 persona
425 2369 748 2443 respondent,quiaper
759 2367 1011 2440 sacramadoptio-
1063 2377 1113 2424 not
1127 2369 1157 2424 in
1171 2383 1253 2425 carue
1266 2386 1328 2441 suo,
1344 2371 1378 2426 dc
1391 2387 1475 2427 carue
1488 2375 1570 2429 metet
1587 2377 1791 2447 corruptionem
1807 2395 1817 2432 :
1841 2380 1891 2449 qui

185 2458 1010 2532 nsmjsmillorumconjunctusestspiritusRursumque
1063 2457 1155 2511 autem
1168 2458 1285 2512 seminat
1295 2459 1325 2512 iu
1335 2460 1446 2529 spiritu,
1460 2461 1493 2516 de
1505 2463 1608 2533 spiritu
1617 2471 1696 2520 metet
1709 2466 1796 2520 oitsm
1806 2475 1890 2524 aeter·

187 2566 223 2607 ex
236 2565 319 2606 sacro
334 2549 425 2621 fonte,
441 2548 526 2622 quasi
550 2565 585 2605 ex
609 2547 712 2605 matris
735 2551 818 2604 utero
833 2551 900 2620 post
914 2545 1009 2619 bapti·
1062 2543 1267 2617 armillata,
1282 2546 1320 2617 8).
1337 2548 1373 2604 ut
1386 2546 1490 2606 'rursus
1506 2567 1513 2606 :
1538 2551 1589 2608 ilbi
1600 2554 1728 2625 spiritus,
1743 2555 1786 2611 us
1803 2556 1889 2612 liber·

187 2654 287 2698 smum
298 2655 315 2695 s
325 2637 526 2695 sacerdotibus
534 2637 607 2711 ipsis
615 2638 651 2693 ad
663 2633 1010 2692 instruendumcommit·
1063 2640 1105 2689 tce
1119 2634 1156 2705 (ll
1169 2633 1230 2690 Cor.
1246 2652 1288 2702 ιιι,
1305 2636 1361 2709 17).
1377 2640 1411 2692 st
1424 2638 1453 2693 in
1468 2636 1593 2695 levitico
1608 2657 1615 2696 ε
1632 2641 1727 2698 Omnis
1740 2658 1890 2700 massera·

185 2731 300 2784 tantur.
315 2730 391 2783 Nam
406 2725 482 2783 sicut
494 2724 626 2782 carnales
639 2725 733 2782 nostri
753 2727 890 2797 parentes
903 2727 1009 2779 nostra
1062 2723 1100 2777 tio
1110 2738 1170 2794 quae
1179 2724 1347 2797 unaucurt
1356 2725 1528 2783 bomiueoon
1538 2728 1889 2803 redimetur(Levit.xxv11,

186 2816 382 2890 generationis
398 2814 524 2871 ministri
539 2819 619 2887 suut,
635 2814 798 2871 secundum
814 2814 890 2885 quod
906 2813 1009 2869 beatus
1062 2811 1118 2883 29),
1135 2828 1171 2868 ne
1186 2812 1295 2869 nostris
1309 2814 1413 2871 usibus
1428 2816 1657 2886 succumbendo,
1673 2824 1821 2877 sacratum
1837 2837 1888 2878 ex·

186 2905 321 2963 Clemens
332 2905 363 2961 in
374 2905 437 2961 suis
447 2903 646 2961 Decretslibus
659 2902 773 2973 asserit,
785 2903 828 2959 sic
838 2901 1009 2974 hujusmodi
1063 2899 1205 2958 sacrabile
1219 2901 1282 2958 ssat.

186 2994 315 3052 ministri
330 2998 401 3052 sunt
415 3010 503 3051 sacrae
518 2992 756 3066 regenerationis.
774 2993 849 3048 Deus
863 2994 964 3048 auctor
978 2989 1008 3045 in
1098 2989 1152 3046 Sed
1178 2994 1207 3046 et
1230 2990 1256 3046 si
1281 2990 1341 3047 hac
1360 2996 1467 3049 cuncta
1485 3010 1548 3067 que
1563 2996 1699 3068 superius
1713 2997 1773 3055 tale
1787 3014 1890 3072 repre-

77 3096 80 3101 ·
186 3084 320 3157 utrisque
335 3083 480 3152 consistit,
497 3082 574 3140 sicut
595 3081 737 3155 scriptum
761 3088 827 3138 est:
856 3081 1009 3152 Unicuique
1062 3077 1408 3152 beudcutesconjugium
1424 3083 1564 3152 diximus,
1580 3085 1746 3153 delicerent,
1762 3089 1835 3145 satis
1851 3089 1887 3146 ad

186 3174 398 3230 ucutllomiuus
413 3171 496 3229 dedit.
506 3173 561 3244 Epo
573 3172 710 3244 plantavi,
727 3168 822 3243 Apollo
837 3171 947 3242 rigavit,
960 3155 1044 3226 seui}
1063 3167 1093 3224 id
1104 3169 1422 3241 reprimendumetiam
1432 3175 1706 3231 remanerentNam
1716 3156 1888 3249 adeobujus

187 3264 257 3320 lietu
269 3264 467 3320 incrementum
481 3261 556 3318 dedit
573 3263 593 3332 {l
608 3261 671 3317 Cor.
688 3277 730 3329 ιιι,
747 3261 785 3332 6).
802 3258 846 3314 llli
870 3275 1008 3331 namque,
1063 3257 1213 3330 religionis
1224 3275 1313 3315 causa
1326 3260 1467 3318 hactenus
1478 3266 1523 3318 est
1536 3261 1692 3333 abolitum,
1703 3268 1736 3319 ut
1749 3281 1807 3320 noo
1820 3270 1888 3321 tan-

188 3353 290 3424 qui,ut
304 3351 440 3423 superius
455 3351 594 3420 diximus,
605 3365 674 3421 erga
688 3365 795 3420 pueros
810 3353 910 3420 agunt,
922 3348 1008 3420 spiri·
1062 3350 1125 3402 tum
1136 3346 1332 3416 litteratis,vel
1344 3349 1607 3422 prudentibus‚sed
1616 3350 1704 3408 etiam
1714 3352 1788 3424 ipsis
1798 3354 1889 3411 rusti·

186 3438 305 3495 tualiter
319 3437 464 3509 plantant,
475 3441 504 3492 et
517 3440 614 3509 patres
626 3439 704 3491 sunt.
717 3435 770 3500 Qui
786 3439 884 3491 autem
901 3436 1008 3507 rigant,
1061 3434 1104 3490 cis
1120 3437 1211 3492 moris
1225 3451 1314 3492 causa
1328 3438 1484 3510 profanum
1498 3440 1562 3511 J'am
1576 3440 1718 3509 videatur,
1735 3446 1768 3498 ut
1788 3443 1887 3500 sicubi

189 3528 318 3587 ministri
333 3526 523 3586 ecclesiarum
539 3528 618 3592 sunt,
630 3527 814 3581 sacramenta
828 3524 1009 3580 conferentes

187 3616 384 3691 baptismatis.
407 3614 539 3671 Dominus
563 3616 655 3669 cutem
681 3613 880 3668 incrementum
904 3613 955 3668 dat
977 3612 1008 3667 in

69 3739 74 3751 ·
187 3709 338 3776 omnibus,
353 3705 414 3763 sive
434 3704 466 3760 in
491 3700 705 3776 spiritualibus,
722 3700 781 3757 sive
796 3700 826 3757 in
842 3700 1008 3758 carnalibus

183 3797 374 3873 profectibus.

221 3887 340 3962 Legitur
354 3885 442 3944 etiam
459 3884 489 3941 in
504 3882 579 3940 libro
588 3882 737 3952 codicum,
748 3881 826 3953 quod
840 3885 885 3938 cst
900 3881 1006 3938 Roma·

182 3993 227 4035 nu
242 3977 325 4052 legis,
337 3976 379 4033 its
394 3993 402 4033 ι
422 3972 527 4029 ιΝἰιιίι
537 3970 618 4030 aliud
633 3971 675 4028 sic
690 3970 828 4028 inducere
842 3974 938 4044 potest
955 3986 1005 4042 pa·

180 4071 296 4125 ternam
311 4065 503 4133 allectionem,
520 4065 548 4119 et
559 4062 673 4134 justam
688 4059 859 4133 nuptiarum
874 4057 1005 4132 probibi-

180 4155 302 4223 tionem‚
314 4170 403 4227 quam
419 4151 590 4224 hujusmodi
602 4166 705 4215 nexus,
717 4163 867 4221 perquem
878 4154 934 4203 Deo
945 4147 1006 4203 aui·

181 4260 236 4300 ma
246 4258 348 4300 eorum
358 4240 498 4312 copulata
508 4242 588 4295 suut.
596 4260 610 4288 a
622 4239 693 4293 ltem
704 4236 861 4292 exNovella
869 4236 950 4308 (Nor.
959 4237 1003 4306 12,

180 4349 206 4389 c.
224 4333 250 4404 1)
265 4348 272 4388 :
302 4352 316 4385 ι
330 4329 360 4387 Si
380 4328 430 4401 qui
450 4326 594 4384 nefarium
610 4329 698 4397 atque
713 4326 885 4381 damnatum
902 4324 1003 4380 matri-

180 4420 313 4478 monium
326 4415 534 4486 contraxerint,
546 4419 576 4472 et
590 4431 625 4471 ex
634 4413 724 4487 priori
736 4414 923 4470 matrimonio
934 4413 1004 4469 libe-

1063 3525 1190 3594 peccatis
1213 3524 1397 3597 exigentibus
1420 3527 1531 3600 aliquid
1560 3528 1618 3586 tale
1643 3530 1801 3604 audierint,
1818 3532 1885 3590 ideo

1062 3611 1305 3669 scandalizentur.
1319 3613 1401 3671 Unde
1415 3631 1501 3689 grave
1516 3619 1767 3677 committentibus
1783 3637 1886 3695 pecea-

1061 3704 1125 3757 tum
1139 3702 1277 3759 exoritur.
1294 3704 1341 3758 ait
1354 3705 1433 3760 euim
1454 3704 1620 3763 Dominus:
1647 3710 1689 3764 Vae
1711 3710 1820 3767 tamira
1842 3712 1889 3768 iffi

1059 3806 1110 3864 per
1122 3807 1202 3863 quem
1215 3790 1377 3848 scandalum
1389 3795 1467 3850 veuit
1480 3795 1594 3866 (aaut.
1609 3812 1691 3867 xvur,
1706 3799 1735 3870 7)
1747 3817 1753 3866 ;
1769 3804 1797 3856 et
1816 3800 1887 3857 bea·

1062 3883 1109 3937 tos
1120 3879 1246 3937 Paulus:
1262 3881 1440 3939 Providemue
1454 3885 1529 3939 caim
1542 3884 1612 3942 bauo
1624 3902 1679 3943 nou
1692 3888 1782 3943 sotum
1792 3903 1887 3945 corson

1060 3971 1123 4039 lieo,
1138 3971 1187 4027 scd
1207 3971 1291 4027 ειίαιιι
1314 3987 1407 4028 coram
1428 3971 1585 4031 inminibus
1608 3975 1646 4046 (ll
1659 3975 1720 4033 Cor.
1736 3994 1799 4048 eru,
1813 3977 1861 4049 21)
1875 3995 1883 4047 ;

1058 4059 1173 4115 etitem
1189 4076 1196 4112 :
1223 4060 1290 4115 Siue
1310 4061 1457 4131 offensione
1470 4067 1556 4120 estote
1570 4064 1682 4133 iudeis,
1699 4075 1725 4122 ct
1746 4067 1884 4138 penaten,

1059 4149 1084 4202 et
1107 4147 1235 4203 secusia
1250 4147 1302 4202 bu·
1322 4146 1344 4217 (l
1361 4149 1430 4204 Cor.
1445 4166 1474 4220 x,
1490 4150 1556 4221 32);
1573 4155 1602 4206 et
1616 4169 1745 4210 rursus:
1771 4155 1802 4211 Si
1820 4170 1885 4212 acu

1056 4235 1228 4291 senodalisat
1241 4237 1359 4305 fratrem
1376 4252 1479 4303 mum,
1493 4253 1548 4294 non
1571 4240 1742 4298 manducato
1767 4259 1885 4302 caraem

1057 4327 1089 4382 io
1111 4329 1254 4390 murum,
1269 4340 1305 4380 oe
1326 4326 1444 4396 fratrem
1467 4323 1558 4384 meum
1576 4329 1763 4385 accradoliuem
1778 4335 1804 4400 (l
1818 4334 1882 4396 Cor.

1056 4431 1120 4483 rur,
1136 4415 1180 4485 13)
1193 4432 1199 4484 ;
1226 4413 1376 4470 etiterum
1392 4432 1399 4471 ε
1425 4417 1508 4472 Nemo
1530 4417 1600 4487 quod
1613 4433 1694 4473 suum
1709 4420 1748 4472 eat
1762 4429 1881 4492 quaerut,

179 4527 228 4568 ros
238 4527 296 4567 uon
309 4508 477 4576 habuerint,
489 4505 588 4563 statim
599 4503 662 4560 suis
673 4503 862 4559 facultatibus
872 4507 1000 4574 careant,
1016 4520 1040 4587 D
1055 4503 1102 4559 aad
1117 4503 1187 4575 quod
1210 4500 1327 4558 alterius
1342 4503 1365 4571 (l
1379 4504 1440 4560 Cor.
1456 4519 1484 4572 x,
1499 4505 1556 4575 24).
1581 4504 1682 4561 Plures
1707 4522 1812 4579 nempe
1838 4510 1882 4567 of·

179 4603 208 4656 et
222 4600 275 4657 dos
289 4598 353 4655 fisci
365 4597 484 4670 juribus
498 4594 672 4651 vindicetur.
688 4596 757 4649 Post
771 4590 1000 4665 publicationem
1054 4591 1157 4660 feudit,
1171 4589 1222 4664 qni
1233 4590 1369 4662 antiquas
1379 4592 1608 4650 consuetudines
1620 4612 1637 4650 a
1648 4595 1880 4668 religiosissimis

177 4691 287 4758 autem,
304 4691 332 4744 et
348 4685 458 4760 cinguli
479 4684 526 4741 sui
550 4684 699 4756 patiantur
712 4679 911 4749 amissionem,
927 4684 956 4735 et
969 4679 998 4736 in
1054 4684 1083 4736 st
1096 4679 1289 4753 prudentibus
1304 4680 1473 4737 observatas
1488 4682 1646 4740 immutare
1670 4683 1714 4740 vel
1739 4684 1880 4743 abradere

176 4775 460 4849 exsiliopuniantur.
472 4773 589 4838 Quodsi
605 4772 690 4828 vilior
699 4770 737 4827 sit
751 4786 884 4843 persona,
897 4784 998 4841 corpo·
1054 4768 1206 4840 praesumit
1221 4786 1227 4824 :
1244 4785 1311 4824 cum
1327 4769 1430 4826 beatus
1445 4770 1524 4829 dicat
1539 4772 1668 4829 Isidorus
1683 4772 1745 4844 (lib.
1762 4790 1783 4828 11
1798 4774 1878 4846 Orip.

175 4863 230 4921 rali
246 4864 401 4938 questioni
417 4861 570 4932 subsistat,
585 4866 614 4918 st
637 4877 710 4917 uxor
724 4861 788 4932 ejus
804 4863 906 4915 contra
920 4855 999 4930 leges
1053 4873 1077 4913 c.
1095 4858 1138 4929 10)
1156 4875 1162 4913 :
1190 4881 1200 4907 ι
1218 4855 1402 4915 Consuetudo
1426 4863 1471 4915 est
1492 4861 1543 4930 jus
1566 4862 1715 4932 quoddam
1741 4860 1875 4920 moribus

174 4958 269 5028 nupta
283 4954 399 5011 easdem
416 4967 517 5024 poenas
532 4950 669 5022 patiatur.
686 4949 750 5005 llaec
765 4953 831 5021 post
846 4945 997 5003 biennium
1052 4945 1233 5015 institutum,
1250 4948 1326 5019 quod
1343 4947 1502 5021 perlegam
1518 4951 1679 5024 suscipitur
1694 4966 1759 5006 cum
1775 4949 1876 5010 deficit

172 5044 304 5112 valeant3
322 5058 390 5098 nam
406 5039 516 5097 biennii
529 5037 713 5112 indulgentia
727 5035 786 5093 illis
801 5036 930 5108 prestita
941 5038 995 5104 est,
1051 5033 1175 5092 lex.Non
1185 5036 1388 5092 differtutrum
1399 5037 1589 5110 scripturaau
1600 5040 1712 5096 ratione
1721 5039 1874 5111 consistat,

172 5131 223 5205 qui
234 5133 299 5204 jam
314 5132 521 5188 contraxerunt
536 5132 638 5185 eontra
650 5127 730 5199 leges
750 5125 947 5195 matrimonia,
963 5129 997 5181 ut
1050 5126 1168 5198 quando
1183 5129 1211 5182 et
1225 5125 1320 5198 legem
1333 5125 1406 5183 ratio
1418 5129 1613 5185 commendat.
1627 5133 1714 5184 Porro
1725 5129 1750 5184 si
1760 5128 1874 5186 ratione

172 5217 250 5276 inira
264 5219 416 5278 biennium
428 5221 609 5290 separentur.
622 5215 704 5282 Quod
721 5214 745 5270 si
761 5231 820 5270 non
832 5213 939 5270 fuerint
954 5229 996 5271 se·
1049 5213 1095 5270 lex
1110 5218 1233 5282 constat,
1245 5214 1292 5270 lex
1305 5215 1360 5271 erit
1372 5232 1457 5273 omne
1468 5219 1531 5289 jam
1548 5217 1625 5290 quod
1641 5217 1753 5273 ratione
1765 5219 1874 5275 consti·

170 5307 276 5379 parati,
290 5309 341 5365 ssd
357 5304 607 5383 perseveraverint
626 5304 655 5360 in
679 5307 739 5359 toto
756 5302 885 5386 biennio,
901 5301 995 5374 poenis
1048 5302 1126 5375 terit,
1136 5305 1278 5359 duntaxat
1288 5305 1365 5376 quod
1381 5304 1521 5379 religione
1531 5311 1682 5379 congruat,
1695 5307 1773 5378 quod
1785 5306 1876 5364 disci·

171 5394 201 5452 iu
217 5395 312 5468 primo
327 5398 420 5470 capite
436 5394 522 5453 dietis
541 5392 745 5465 subjiciantur.
761 5413 776 5442 a
801 5389 891 5448 Valde
914 5391 993 5448 euim
1048 5390 1134 5463 plina
1159 5393 1323 5462 conveniat,
1347 5394 1424 5466 quod
1449 5394 1537 5452 saluti
1565 5395 1738 5468 proficiat.»
1764 5395 1874 5454 Beatus

169 5487 256 5558 turpe
271 5489 328 5553 est,
338 5487 372 5540 ut
385 5487 463 5557 quod
479 5483 629 5558 religionis
642 5497 731 5538 causa
745 5479 900 5537 saculares
913 5479 993 5553 leges
1048 5495 1165 5554 quoque
1180 5496 1255 5554 papa
1267 5482 1433 5556 Gregorius,
1445 5485 1531 5556 cujus
1545 5483 1783 5540 institutionibus
1796 5500 1873 5556 pene

168 5573 317 5643 custodire
327 5574 517 5651 peruadunt,
528 5574 584 5634 boc
597 5570 762 5634 sacerdotes
772 5569 824 5628 Dei
833 5567 993 5648 infringere
1047 5572 1127 5629 totus
1142 5569 1292 5648 regulatur
1304 5572 1395 5647 orbis,
1411 5573 1453 5631 ait
1466 5573 1583 5663 registri
1597 5577 1680 5657 parte
1693 5573 1790 5656 prims
1805 5571 1872 5657 (uu
