3908 6096
118 294 177 360 667
626 301 796 367 aaronis
818 301 1113 365 vuacuunuams
1135 301 1312 366 episcopi
1378 338 1382 347 ·
1770 296 1830 363 dee

117 430 179 502 agit
191 444 244 503 per
258 429 374 500 Filium,
400 448 488 505 quem
512 433 618 490 ideireo
642 433 739 491 visum
755 434 892 505 dicimus,
909 437 942 490 ut
955 437 983 502 Α
998 435 1073 491 stica
1089 440 1133 492 est
1147 436 1256 493 tradita
1271 453 1288 492 a
1302 433 1443 509 magistro
1465 433 1612 508 gentium,
1629 447 1692 507 qua
1708 436 1830 490 utuntur

117 519 186 576 licet
200 519 285 576 aliter
295 537 384 593 quam
397 527 452 588 est,
464 524 635 596 apparuisse
645 524 737 596 (1293)
748 529 846 580 tamen
858 524 941 579 illum
999 526 1166 581 sacerdotes
1177 525 1281 597 nostri,
1293 530 1326 582 ut
1335 541 1386 598 pro
1397 523 1535 581 omnibns
1545 520 1831 597 supplicent,depre·

117 607 329 681 significemus.
345 611 605 668 Honorificentiam
620 618 732 686 ergoet
746 613 870 685 gloriam
886 617 942 668 Deo
998 620 1097 669 cantes
1114 629 1166 686 pro
1181 614 1299 688 regibus
1314 613 1405 684 hujus
1425 612 1534 678 saculi,
1557 615 1590 678 ut
1606 610 1767 682 subjectas
1779 610 1830 668 ha-

118 696 197 753 Patri
211 697 241 753 in
255 698 375 756 veritate
401 701 580 772 pronuntiat,
606 702 691 773 eujus
707 701 812 780 pietate
827 718 860 757 ac
876 717 942 773 pro·
998 702 1086 758 beant
1101 707 1211 776 gentes,
1227 708 1260 759 ut
1288 703 1317 758 in
1337 719 1408 775 paee
1436 701 1534 775 positi,
1560 700 1593 759 in
1624 699 1830 772 tranquilitate

117 786 247 843 videntia
262 787 396 844 Christus
410 788 543 845 liberavit
558 797 723 862 peccatores
736 808 770 845 ex
786 795 888 846 morte.
997 791 1115 857 mentis,
1131 797 1159 848 et
1175 792 1272 864 quiete
1287 792 1410 848 Domino
1426 794 1525 848 nostre
1538 788 1654 848 servire
1668 788 1830 863 possimus.

153 877 207 932 lloc
220 882 388 949 praeceptum
411 879 567 935 commendo
591 881 651 946 tibi,
676 881 719 951 fili
734 879 883 944 Tomottee,
898 895 942 934 se·
998 880 1119 937 Orantes
1130 880 1218 936 etiam
1234 878 1628 953 prohis,quihussnh11mis
1645 882 1783 952 potestas
1792 882 1832 934 eet

117 964 238 1021 candum
251 966 436 1038 precedentes
446 984 529 1039 seper
543 971 569 1023 te
578 970 782 1040 propheticam
795 969 899 1023 milites
914 969 944 1022 ire
998 970 1118 1039 credita,
1135 975 1168 1025 ut
1182 969 1212 1025 in
1232 970 1360 1041 justitia,
1386 973 1416 1026 et
1430 969 1551 1027 veritate
1565 967 1749 1042 gubernent
1762 982 1831 1024 rem·

119 1054 177 1110 illie
192 1056 290 1111 bonam
310 1057 454 1123 militiam,
484 1057 584 1112 hahere
613 1058 705 1128 fidem,
722 1061 748 1114 et
764 1059 862 1114 bonam
878 1074 943 1113 coa·
998 1056 1831 1131 publicam,suppeditantererumahnndantia‚ntamata

117 1143 271 1215 erientiam,
288 1146 492 1216 quarequidam
506 1148 760 1218 repellentea,circo
776 1148 858 1218 fidem
872 1162 944 1200 rrrao·
999 1147 1219 1218 perturbatione
1246 1147 1408 1216 seditionis,
1438 1145 1576 1203 succedat
1599 1144 1722 1203 latitia.
1751 1143 1831 1201 Panis

119 1240 308 1301 tropaeorum,
325 1237 713 1307 rapar'tucestllpmenaeae,
734 1240 760 1291 ct
775 1235 943 1302 Alexander,
998 1234 1076 1290 euim
1092 1236 1247 1292 confirmat
1271 1252 1331 1302 cor,
1361 1239 1390 1290 et
1416 1234 1516 1290 vinum
1545 1233 1685 1291 letificat
1704 1234 1829 1289 mentem

119 1335 184 1392 qaae
199 1321 303 1378 tradidi
321 1322 443 1387 Satanae,
472 1329 503 1379 at
527 1325 632 1380 discant
660 1342 713 1381 aar
744 1324 943 1394 blasphemare.
999 1322 1083 1395 (Psoi.
1100 1341 1159 1391 cur,
1176 1325 1230 1394 ll).
1246 1323 1574 1394 Postulantesvercpro
1590 1321 1652 1390 his,
1671 1320 1728 1394 qui
1745 1321 1829 1378 inne

120 1413 280 1482 Postquam
298 1412 349 1467 Dei
365 1412 470 1482 Patris,
487 1418 516 1468 et
540 1411 646 1470 Christi
663 1413 727 1470 Filii
742 1415 817 1485 ejus,
836 1430 900 1484 quse
916 1417 945 1467 et
999 1412 1136 1468 cessitate
1151 1413 1231 1469 varia
1245 1418 1326 1479 sunt,
1342 1418 1375 1468 ut
1390 1412 1475 1481 eruti,
1491 1415 1520 1468 et
1532 1410 1655 1470 liberati
1673 1414 1772 1468 Deum
1781 1409 1830 1466 eol·

120 1500 386 1571 quantahenehcia
413 1502 472 1557 sint
498 1501 575 1559 cirea
604 1507 771 1573 peccatores
799 1501 943 1570 homiues,
997 1501 1118 1557 laudent
1131 1501 1343 1558 incolumitatis
1353 1506 1513 1558 auctorem.
1525 1499 1707 1556 asserentes
1720 1515 1830 1572 quoque

120 1589 311 1658 memoravit;
327 1590 377 1661 qui
392 1607 459 1647 cum
485 1596 583 1648 essent
611 1591 763 1664 puniendi,
776 1606 833 1645 non
849 1590 944 1646 solum
999 1590 1161 1664 gratiarum
1178 1591 1306 1647 actiones
1322 1607 1374 1664 pro
1389 1589 1437 1646 his
1451 1605 1515 1662 qus
1529 1588 1620 1646 uobis
1635 1586 1776 1661 quotidie
1787 1587 1829 1643 liei

120 1676 232 1751 ignovit
246 1678 299 1746 eis,
315 1680 365 1737 sed
381 1683 409 1736 et
418 1680 633 1751 justificavit,et
649 1680 679 1736 in
695 1679 770 1736 filios
785 1679 842 1735 sihi
857 1679 945 1750 adop·
998 1678 1181 1752 providentia
1196 1682 1374 1751 prestantur
1389 1678 1570 1748 advitam,ut
1585 1674 1618 1733 in
1632 1675 1687 1733 his
1697 1675 1829 1733 omnihus

120 1766 202 1832 tavit,
218 1783 275 1839 quo
291 1767 393 1824 ordine
414 1769 556 1841 populum
580 1769 736 1842 disciplina
749 1766 945 1825 ecclesiastiea
1001 1773 1082 1824 Pater
1097 1767 1280 1824 collaudetur
1291 1772 1377 1836 Deus,
1388 1763 1828 1840 exquosuntomnimetl‘iline

121 1855 286 1912 imbueret:
302 1856 331 1912 in
348 1857 488 1929 stheetis
499 1858 945 1925 ostendit,commonens,utma·
999 1857 1074 1928 ejus,
1090 1872 1241 1928 perquem
1266 1860 1336 1912 sunt
1364 1854 1473 1912 omnia.
1492 1854 1527 1911 Ut
1555 1852 1669 1926 sopitis
1685 1852 1826 1919 omnibns,

121 1960 186 2000 mor
199 1943 350 2002 electionis
366 1963 425 2002 suae
441 1950 562 2002 sanctus
573 1946 747 2002 Timotheus
762 1946 803 2017 id,
815 1947 850 2001 ad
866 1945 944 2017 quod
1000 1962 1065 2018 que
1080 1944 1149 2001 huic
1163 1943 1285 2017 imperio
1299 1942 1581 2011 infesta‚etinimica
1595 1941 1721 2011 sunt,in
1734 1940 1827 1999 edecta

120 2033 284 2091 destinatus
299 2038 354 2102 est,
378 2035 509 2107 impleat.
539 2036 764 2093 Pradestinatus
786 2040 831 2092 est
854 2033 944 2100 enim,
1000 2033 1128 2108 pietatis,
1144 2038 1173 2089 et
1187 2032 1333 2090 castitatis
1346 2033 1402 2089 ooo
1417 2032 1524 2089 servire
1535 2030 1709 2105 possimus.
1725 2030 1827 2088 Partur-

120 2123 239 2194 quando
254 2124 360 2179 adhoc
381 2125 416 2180 ah
433 2124 572 2196 Apostolo
596 2130 767 2198 assumptus
783 2128 838 2190 εει,
853 2127 944 2178 utor·
1001 2121 1080 2179 batia
1096 2122 1185 2189 enim,
1201 2121 1394 2194 etoaptivitas
1418 2136 1471 2178 nec
1489 2120 1632 2192 pietatem
1657 2124 1827 2191 servatam

121 2211 283 2279 diaeretur,
300 2212 408 2284 dignus
424 2212 576 2283 judicatus
599 2214 717 2270 futurus
732 2213 897 2285 episcopus,
915 2214 946 2267 ut
1000 2211 1177 2268 castitatem.
1190 2209 1445 2283 Undeeuimpius,
1457 2207 1828 2281 quinuduscstth'tunde

121 2297 258 2371 impleret
272 2298 407 2355 militiam
423 2300 619 2373 evangelicam
630 2301 659 2356 in
671 2302 728 2357 lide
743 2305 771 2357 et
785 2317 859 2373 pura
874 2317 945 2356 con·
1000 2299 1130 2370 castitas,
1147 2298 1197 2356 uhi
1213 2298 1366 2372 potestatis
1380 2315 1440 2356 sus
1464 2314 1521 2355 nou
1536 2297 1608 2353 esti
1623 2296 1667 2355 Ut
1682 2313 1755 2371 arga
1776 2297 1827 2352 hee

121 2387 252 2445 scientia.
266 2388 318 2454 Qui
332 2389 409 2444 enirn
421 2388 707 2455 fideliterdocet‚non
724 2393 821 2463 potest
836 2389 944 2446 malam
1000 2386 1109 2443 servari
1125 2386 1249 2459 possint,
1264 2387 1349 2459 quies
1363 2385 1593 2454 necessariorem,
1606 2390 1641 2442 ut
1657 2384 1826 2458 placitelieo

121 2476 229 2534 hahere
254 2478 474 2534 conscientiam.
505 2480 586 2535 Tunc
614 2479 691 2535 enim
722 2480 809 2535 tidem
829 2477 946 2534 exhibet
1000 2476 1160 2532 reddantur
1175 2475 1326 2547 obsequia,
1338 2475 1387 2548 qui
1399 2472 1654 2532 omneshomines
1666 2472 1827 2532 salvosvult

122 2566 331 2639 predicationi,
348 2567 373 2622 si
389 2584 420 2622 se
434 2566 579 2624 abstineat
596 2567 780 2623 econtrariis
795 2566 944 2637 omnihus,
1000 2560 1073 2630 heri,
1087 2569 1115 2620 et
1138 2580 1313 2638 cognoscere
1340 2563 1502 2624 veritatem,
1530 2564 1607 2630 time,
1640 2562 1756 2637 inquit,
1779 2563 1826 2619 aila

121 2655 191 2727 quia
206 2656 338 2727 exemplo
353 2656 497 2711 honorum
514 2672 636 2728 operum
653 2655 760 2712 multos
776 2655 893 2711 lacessit
908 2655 944 2710 ed
999 2658 1115 2721 eterna,
1132 2658 1163 2709 at
1186 2657 1347 2726 cognosccat
1373 2656 1399 2709 te
1413 2653 1505 2708 solam
1532 2655 1559 2708 et
1573 2666 1680 2708 ceram
1701 2653 1826 2719 Deam

121 2743 330 2813 credelitatem,
353 2744 476 2800 fidentes
503 2746 538 2800 de
554 2761 605 2817 spe
630 2744 853 2817 predicationis.
870 2743 943 2799 Nam
998 2758 1079 2816 qaam
1093 2744 1204 2807 misisti,
1233 2745 1326 2799 lesam
1353 2743 1494 2800 christum
1521 2741 1612 2815 (laon.
1643 2758 1721 2808 xvir,
1745 2738 1824 2810 Sisi

121 2832 171 2905 qui
188 2832 276 2887 fidem
290 2832 411 2903 speruit,
429 2832 529 2905 procul
541 2833 629 2889 dubio
643 2832 725 2889 male
737 2836 781 2889 est
797 2831 945 2889 conscieu·
998 2833 1076 2889 Deus
1093 2832 1204 2904 utique,
1219 2832 1269 2904 qui
1284 2831 1470 2904 amnipotens
1489 2828 1599 2885 dicitur
1613 2845 1729 2887 omnes
1741 2829 1823 2887 homi·

119 2920 248 2976 tiae.liut
271 2921 349 2976 enim
376 2921 527 2995 hypocrita
556 2920 735 2993 predicator,
758 2927 810 2978 aut
824 2925 944 2994 apertus
998 2938 1050 2978 nes
1067 2920 1326 2989 selvosvultfieri,
1343 2936 1467 2976 caruca
1490 2916 1634 2991 impletur
1650 2919 1724 2990 εὶεε
1739 2916 1824 2976 volun·

119 3008 321 3081 blasphemus,
334 3009 410 3065 sieut
424 3013 508 3065 erant
521 3013 705 3082 Hymenaeus,
728 3014 758 3066 ει
772 3008 942 3079 Alexander,
995 3009 1133 3066 tas‘lSed
1146 3008 1268 3066 inomni
1280 3007 1540 3066 locutioneseusus
1554 3010 1585 3064 et
1599 3007 1740 3065 conditio
1754 3006 1821 3064 latet.

119 3098 348 3171 quideierentes
375 3097 461 3154 iidem
491 3098 625 3172 naufragi
654 3098 722 3154 facti
744 3102 824 3167 sunt,
840 3098 869 3153 id
887 3102 941 3168 ast,
998 3098 1080 3155 Unde
1094 3098 1165 3154 dicit
1179 3098 1283 3154 Petrus
1294 3096 1447 3170 apostolus
1462 3096 1498 3170 (ll
1507 3101 1594 3154 Petr..
1612 3113 1635 3167 r,
1652 3095 1821 3166 wiztlmit

120 3187 191 3243 nudi
207 3186 338 3254 veritate,
355 3191 406 3244 aut
422 3187 526 3259 privati
541 3187 608 3243 vila.
626 3187 699 3252 Quid
715 3191 760 3243 est
774 3186 852 3242 euim
868 3188 944 3241 veri·
959 3170 981 3238 G
999 3183 1753 3258 emprarainatqetinerpreaeare(1300).vu1tenim
1761 3189 1822 3241 neue

119 3279 175 3344 tas,
191 3276 248 3331 uisi
263 3275 348 3331 vitn‘l
367 3280 444 3342 Quos
468 3275 625 3332 tradidisse
639 3292 671 3331 se
687 3275 758 3331 dicit
774 3276 895 3344 Satara,
912 3280 946 3330 ut
999 3274 1205 3332 omnessalvcs
1216 3274 1287 3344 fieri,
1299 3272 1744 3331 eeasiaoeedantadeumiton
1754 3271 1820 3330 euim

120 3364 353 3421 emundarentur
374 3364 465 3436 (1299)
480 3381 569 3421 causa
597 3363 786 3436 blasphsuioe.
816 3363 945 3419 Traditio
999 3367 1043 3422 sic
1058 3365 1130 3433 vult,
1144 3369 1176 3420 ut
1191 3363 1321 3421 nolentes
1331 3362 1546 3434 salventur,sed
1557 3360 1621 3418 vult
1634 3360 1710 3419 illos
1720 3360 1821 3423 selam

122 3457 219 3508 eutem
235 3453 296 3508 hae
312 3458 367 3516 est,
384 3453 453 3523 quia
463 3457 627 3508 commotus
639 3450 796 3524 Apostolus
812 3451 947 3524 blasphe-
1000 3455 1025 3510 si
1040 3454 1136 3526 stipsi
1153 3453 1253 3510 velint.
1277 3452 1350 3509 Nam
1378 3451 1479 3524 utique
1502 3451 1554 3523 qui
1578 3450 1682 3524 legem
1698 3450 1821 3508 omnihm

120 3539 946 3612 miiseorumsententiamprotulitineos.l)iaholusau·
1000 3542 1082 3599 dedit
1097 3541 1213 3598 nullum
1228 3539 1491 3614 excepitasalute.
1507 3539 1654 3613 Nunquid
1670 3558 1732 3598 nou
1747 3539 1821 3598 medi·
1868 3598 1870 3617 =

120 3633 190 3695 tem,
207 3629 258 3701 qui
274 3629 310 3685 ad
325 3627 379 3684 hoc
395 3634 514 3700 paratus
536 3641 590 3694 est,
615 3633 647 3683 ut
662 3644 781 3684 aversus
795 3645 811 3683 a
826 3628 883 3684 Deo
899 3645 946 3684 aa·
1001 3647 1053 3688 cus
1069 3630 1178 3687 idcireo
1194 3629 1331 3703 proponit
1345 3629 1375 3686 in
1390 3628 1554 3703 publicant
1570 3645 1682 3687 omnes
1695 3647 1729 3688 se
1742 3634 1822 3686 asten·

19 3768 24 3775 .
121 3718 210 3791 cipiet
226 3719 255 3773 in
269 3722 454 3790 potestatem,
468 3717 568 3773 audita
582 3717 738 3783 sententia,
751 3717 871 3790 corripit
886 3733 945 3786 eos,
1002 3719 1134 3777 datvelle
1144 3717 1267 3788 salvare,
1278 3719 1303 3777 si
1314 3723 1411 3775 tamen
1422 3716 1552 3792 abagris
1562 3714 1820 3790 requiraturtllon

122 3813 154 3863 ut
168 3806 363 3879 intelligerent
377 3806 431 3862 huc
447 3823 535 3863 causa
550 3823 581 3862 se
595 3806 689 3878 pmuis
709 3806 864 3880 adstringi,
878 3806 948 3878 quia
1001 3814 1046 3867 est
1059 3808 1138 3865 enim
1154 3825 1221 3865 vera
1236 3808 1328 3875 salus,
1344 3807 1370 3865 si
1385 3804 1495 3863 nolenti
1514 3804 1681 3880 tribuatur,
1697 3823 1751 3865 nee
1762 3821 1820 3880 gea·

121 3896 406 3968 blasphemaverant.
423 3894 496 3951 llinc
512 3900 566 3964 est,
584 3895 662 3967 quod
686 3894 714 3950 iu
732 3895 887 3968 Evangelio
901 3894 947 3951 di·
1001 3899 1069 3954 dere
1084 3897 1218 3971 potestin
1230 3902 1365 3969 percepta
1381 3895 1486 3963 salute,
1499 3892 1690 3968 quiinvitns,
1701 3895 1727 3952 si
1737 3900 1820 3952 mmet

122 3989 201 4041 ctum
218 3987 263 4040 est
278 3984 355 4040 inter
366 3988 488 4040 catera:
503 3984 634 4040 lomacli
643 3999 764 4056 peccare,
776 3999 811 4038 ne
821 3983 948 4055 qaidtiti
1001 3990 1098 4059 potest
1112 3986 1186 4053 lieri,
1201 3986 1306 4059 accipit
1319 3983 1549 4056 medicinam,ut
1562 3999 1622 4041 non
1650 3982 1752 4042 dicam
1764 3980 1822 4057 qnia

121 4075 242 4132 demine
265 4075 406 4144 roratiapat
428 4073 517 4145 (loca.
540 4089 567 4144 v,
597 4072 651 4145 11).
681 4067 844 4128 Ostendens
859 4089 948 4129 causa
1001 4074 1153 4132 medicine
1168 4074 1303 4131 ellectum
1318 4072 1425 4131 hahere
1440 4088 1499 4130 non
1513 4072 1688 4145 potest‚nisi
1705 4070 1820 4130 adilian

122 4163 233 4237 peccati
248 4162 405 4234 aliquando
432 4161 620 4218 infirmitates
646 4161 748 4217 inferri
763 4161 947 4234 corporibus,
1002 4179 1077 4237 eger
1093 4163 1227 4220 animum
1251 4161 1490 4219 commodaverit.
1505 4160 1580 4229 Ouia
1600 4159 1667 4218 heac
1691 4159 1823 4218 medicine

122 4253 158 4308 itt
171 4250 241 4323 quia
252 4250 386 4307 ministro
398 4249 514 4307 diaholo
524 4250 610 4318 liunt,
627 4249 785 4306 declaravit
794 4249 947 4318 Dominus,
1002 4270 1061 4309 non
1077 4257 1122 4309 est
1137 4251 1307 4326 corporalis,
1319 4249 1371 4307 sed
1386 4249 1607 4323 spiritaliaque
1623 4266 1725 4323 neque
1739 4245 1823 4307 dubiis

123 4338 615 4396 dicensintermulta21laeeaatem
629 4338 947 4409 camsitfiliadhrahae,
1002 4340 1130 4414 proiicit,
1146 4339 1373 4412 nequeinvidis.
1390 4337 1570 4396 Fidesouim
1586 4341 1717 4412 estque
1730 4338 1823 4395 delae·
1868 4334 1870 4405 ξ

121 4444 206 4500 quam
220 4429 389 4498 altipacerat
413 4431 533 4484 Satanas
557 4426 648 4483 decem
673 4431 698 4483 et
712 4437 769 4484 oetc
783 4429 877 4497 onais,
892 4443 948 4483 aaa
1002 4428 1104 4499 lutem,
1121 4445 1210 4501 quam
1227 4428 1283 4485 nisi
1310 4444 1393 4484 mens
1408 4431 1469 4485 tota
1493 4424 1660 4496 susceperit
1675 4426 1823 4490 voluntate,

123 4521 242 4589 oportuit
256 4519 325 4575 solui
337 4535 357 4574 a
370 4517 481 4574 vincula
494 4517 538 4573 die
552 4514 666 4572 Sathati
678 4516 692 4571 i
709 4517 783 4588 (Lac.
800 4532 861 4585 rur,
873 4517 928 4588 16).
963 4535 987 4602 D
1004 4534 1062 4573 non
1079 4515 1174 4573 solum
1190 4516 1264 4571 nihil
1279 4516 1418 4589 proderit,
1443 4515 1495 4573 sed
1509 4518 1538 4572 ει
1551 4513 1661 4574 oberit.
1683 4508 1763 4573 Fidei
1775 4519 1824 4570 ate-

159 4610 225 4663 Car.
244 4607 290 4679 11.)
314 4607 466 4664 Exhortare
495 4622 558 4675 erpo
584 4605 709 4677 primam
737 4605 862 4660 omnium
884 4604 950 4676 fieri
1004 4606 1065 4662 nim
1083 4604 1176 4679 gratia
1189 4604 1266 4661 hane
1289 4604 1379 4661 hahet
1393 4606 1627 4678 potestatem,ut
1648 4604 1765 4661 devotis
1778 4600 1824 4659 sihi

121 4695 336 4767 deprecationes,
375 4697 521 4763 orationes,
545 4694 766 4767 praetalaticaea,
794 4694 950 4765 gratiarum
1003 4693 1133 4751 divinam
1149 4693 1450 4761 inlaudatmedelam,
1462 4690 1606 4775 indevotis
1619 4709 1692 4751 vero
1705 4693 1824 4750 canterat

123 4785 246 4841 emtores
260 4801 309 4856 pro
323 4786 490 4851 hominibus,
514 4799 563 4857 pro
578 4784 697 4852 recitas,
714 4786 740 4839 et
757 4797 808 4854 pro
823 4783 949 4839 omnihus
1003 4781 1151 4852 morbum,
1166 4798 1219 4855 per
1233 4799 1320 4856 quom
1336 4786 1414 4840 totus
1429 4781 1517 4839 homo
1532 4780 1670 4838 intereat.

122 4876 173 4949 qai
186 4875 217 4931 ie
229 4873 390 4929 sublimiori
417 4873 474 4929 icco
498 4874 581 4945 positi
607 4877 684 4940 aaut,
707 4874 739 4927 at
763 4870 906 4944 placitam,
922 4880 949 4929 et
1040 4872 1113 4929 anus
1128 4887 1206 4927 enam
1218 4871 1300 4941 Deae,
1315 4887 1385 4927 aare
1409 4868 1612 4929 malicorna
1630 4878 1661 4927 et
1676 4869 1823 4932 laomim,

123 4965 245 5038 quietam
258 4964 345 5018 citam
359 4961 488 5033 decamus
504 4964 534 5016 ia
548 4963 624 5019 omni
640 4962 753 5032 pietate,
769 4968 795 5016 et
810 4961 946 5016 castitate.
1003 4959 1081 5016 hamo
1097 4958 1222 5017 Christus
1234 4961 1320 5015 teras.
1337 4958 1398 5027 Dei,
1414 4963 1443 5015 et
1453 4956 1561 5014 Christi
1575 4972 1670 5016 unam
1686 4956 1824 5035 significet

124 5055 177 5112 tiae
190 5055 265 5111 caim
281 5052 382 5107 tanam
405 5059 453 5120 ert,
481 5062 506 5106 et
535 5058 673 5121 acceptam
698 5066 791 5106 coram
806 5049 949 5106 Salvatore
1002 5036 1822 5106 essevoluntateminsalvandishominihus:undeDaan

122 5154 214 5200 aestro
230 5144 293 5210 uro,
323 5142 370 5213 qui
384 5156 476 5196 omnes
503 5137 626 5194 leoruioes
649 5142 707 5195 vrrtt
732 5138 948 5209 carcercareer
1001 5142 1127 5208 Patrem,
1144 5138 1214 5209 quia
1229 5138 1266 5193 ab
1280 5136 1345 5210 ipso
1369 5144 1413 5194 est
1428 5135 1525 5193 omnis
1546 5135 1724 5211 auctoritas,
1740 5147 1821 5193 unum

123 5235 154 5288 ie
169 5235 341 5306 apcitioaem
355 5230 485 5286 veritatis
501 5230 604 5283 uenire.
618 5229 681 5283 liaeo
696 5226 797 5300 regula
811 5225 946 5283 ecclesia·
1001 5242 1065 5283 esse
1081 5227 1200 5295 fatetur,
1212 5232 1241 5282 et
1255 5242 1347 5283 unum
1359 5224 1550 5283 mediatorem
1563 5223 1624 5294 uei,
1636 5229 1668 5283 ot
1677 5225 1821 5285 hominum

160 5373 233 5446 (298)
248 5376 290 5432 lta
305 5373 392 5429 etiam
416 5371 445 5425 in
464 5370 607 5441 impresso
637 5369 808 5424 aMaurinis
824 5369 946 5423 Ambra·
1035 5368 1131 5438 (1299)
1147 5370 1179 5423 ln
1190 5367 1384 5426 Ambrosiast.
1400 5367 1622 5424 emeadcrmtar.

125 5444 241 5514 siastro,
256 5446 305 5501 uhi
321 5445 498 5499 adnotarunt
525 5440 649 5495 editores
665 5441 835 5522 apperuisset
849 5440 947 5496 minus
1036 5439 1128 5511 (1390)
1143 5439 1229 5512 Vulg.
1246 5440 1340 5497 Omnes
1362 5439 1522 5512 prophetica
1542 5438 1699 5512 Scriptura!
1710 5437 1818 5513 proprii

124 5521 202 5571 reete
217 5516 247 5570 in
262 5516 411 5587 aliquibus
427 5512 636 5583 manuscriptis
653 5509 720 5584 legi.
737 5513 768 5568 ln
784 5515 883 5570 nostro
898 5527 946 5568 co·
1000 5511 1226 5581 interpretatione
1239 5527 1296 5569 aaa
1308 5510 1353 5585 fit.

68 5655 70 5661 Ι
124 5587 189 5661 dice
203 5591 279 5659 recte
293 5585 400 5659 legitur
414 5585 588 5661 appareas.
