3908 6096
163 321 221 383 t39
673 312 842 375 aaronis
863 310 1159 373 venuennenffls
1180 308 1355 373 Episcopi
1806 309 1867 372 tie

162 452 443 509 serviuntereaturae
460 448 526 519 (87).
543 449 627 516 (licie,
644 446 714 518 praed
738 448 833 500 eretum
855 449 894 501 cst
922 444 1023 515 liciti
1073 442 1227 515 Sequitur:
1245 444 1370 498 dicentes
1385 442 1459 496 enirn
1482 456 1512 495 se
1536 455 1591 495 esse
1616 440 1761 513 sapientes,
1786 441 1868 497 stulti

162 543 341 610 merriseetam
354 543 392 595 est
407 539 435 593 in
451 539 518 593 iltis.
535 538 585 592 llie
596 534 833 590 subaudiendum
850 538 905 599 est,
917 550 982 601 rese,
1036 532 1299 605 [retransmeare
1308 530 1413 603 peritia
1424 529 1740 601 namquediversarum
1753 530 1865 586 artium

164 634 197 686 ut
211 629 250 684 sit
265 644 385 685 sensus:
402 626 534 683 tlssentia
549 629 577 679 et
591 623 696 679 notitia
709 622 759 678 Dei
771 622 926 678 manifesta
940 626 985 678 est
1038 638 1070 678 se
1080 621 1464 692 sapientesessejaetabant,
1474 619 1597 691 ideoque
1608 618 1692 676 stulti
1707 620 1865 677 iactisnnt.

164 718 234 773 illis.
251 722 308 772 Cur
322 720 419 772 autem
437 715 475 770 sit
490 713 644 768 manil'esta
659 710 786 767 ostendit
802 729 808 767 ι
825 712 896 766 Dens
909 712 985 765 enim
1039 712 1295 777 Quomodoautsrn
1306 707 1388 764 stulti
1400 707 1468 764 lactl
1480 707 1549 775 sint,
1561 708 1701 780 aperitur.
1715 725 1782 764 eum
1795 710 1866 765 sub·

164 808 223 863 illis
232 806 429 876 nrairisesteeit.
442 802 508 867 Sed,
521 802 667 873 quomode
679 800 917 865 manifestaverit,
926 815 985 854 nen
1039 800 1138 855 ditur:
1168 804 1203 856 Et
1230 801 1404 854 erantneerunt
1431 799 1551 867 pluriam
1573 798 1793 869 incorreptibilis
1814 800 1867 855 Dei

165 888 985 961 evidenterostenditSubaudiendumergoest:faeiendo
1038 891 1067 943 in
1083 888 1298 943 similitudinem
1312 889 1443 956 irrrapinis
1472 888 1662 958 corruptibilis
1685 888 1816 955 beminis,
1839 896 1867 944 et

166 1002 251 1059 opus,
265 1000 317 1056 per
332 982 408 1055 quod
424 981 487 1051 ipse
503 979 596 1051 possit
610 977 727 1051 agnosci
744 982 871 1034 Creator.
884 977 986 1032 Omnis
1041 978 1189 1043 aretarram,
1208 983 1232 1031 et
1249 976 1464 1049 qairrdrnpnlnm,
1477 980 1502 1031 et
1512 978 1689 1048 serpentium.
1701 976 1753 1032 llis
1767 978 1866 1035 verbis

165 1076 275 1147 quippe
288 1074 422 1126 ereatura
436 1070 573 1141 predicat
587 1084 618 1123 se
634 1085 691 1123 non
708 1083 772 1123 esse
799 1066 964 1123 Creatorem
977 1084 984 1133 ;
1040 1069 1160 1122 eleriotat
1173 1066 1332 1137 Apostolus
1347 1065 1548 1137 philosophos,
1561 1072 1590 1121 et
1600 1066 1749 1139 redarguit
1763 1072 1866 1139 poetas

165 1160 326 1235 praesertim
337 1176 404 1215 cum
416 1155 986 1213 nihilereaturarumomniainomnibus
1040 1156 1183 1229 geminen,
1199 1156 1360 1222 Socratem,
1375 1154 1537 1225 Platonem,
1553 1155 1751 1223 Aristotelem,
1773 1156 1867 1211 Zeno-

164 1248 384 1322 superet.Verbi
397 1245 610 1319 gratia,eoelum
621 1245 760 1317 precellit
770 1243 985 1316 magnitudine,
1042 1262 1119 1311 nem,
1135 1244 1301 1317 Virgilium,
1318 1244 1467 1309 Catonem,
1492 1243 1627 1299 Ovidium
1655 1244 1814 1311 Nasonem,
1839 1250 1868 1301 et

164 1338 220 1405 sol,
235 1338 317 1405 luna,
328 1341 357 1393 et
366 1334 457 1393 stella
468 1335 609 1401 claritate,
620 1340 698 1391 terra
709 1333 856 1389 fertilitate
868 1349 875 1386 :
892 1348 925 1389 ac
936 1348 988 1404 per
1041 1334 1223 1405 caeterosqui
1235 1332 1396 1389 divinitatis
1407 1331 1548 1388 bonorem
1557 1332 1681 1389 mortuis
1692 1332 1866 1389 bominibus

168 1428 223 1484 hee
239 1426 388 1483 evidenter
403 1424 576 1491 ostenditur,
587 1425 664 1496 quod
675 1423 774 1478 omnia
783 1422 892 1477 liabent
901 1421 987 1476 Crea·
1040 1420 1554 1494 impendebant,putanteseusmagis
1565 1421 1621 1477 sibi
1632 1421 1867 1494 prodesseposse

166 1523 269 1583 torem,
285 1515 335 1586 qui
350 1531 384 1569 ea
399 1513 538 1582 condidit,
555 1513 628 1583 regit
642 1518 671 1567 et
681 1513 836 1583 guliernat,
848 1516 876 1565 et
889 1509 988 1565 omnia
1041 1515 1256 1583 postmortem,
1268 1510 1437 1581 quemdum
1449 1510 1545 1565 adhue
1556 1510 1703 1567 viverent:
1717 1528 1786 1567 nam
1798 1528 1866 1567 eum

169 1603 313 1679 praeeedit.
330 1603 488 1675 Sequitur:
503 1602 656 1656 Invisibilia
670 1602 744 1657 raim
760 1602 846 1671 ipsine
872 1617 922 1670 per·
944 1617 986 1667 ro,
1041 1601 1180 1669 virerent,
1197 1599 1312 1655 utillum
1328 1599 1370 1654 eis
1386 1598 1867 1671 ‹livinitatisimpendebanthime-

167 1711 231 1769 quae
243 1696 317 1765 dareta
331 1695 404 1758 aurat,
420 1710 437 1746 a·
451 1696 577 1747 creatura
598 1691 696 1746 variandi
718 1692 855 1746 irrtcllecln
884 1691 990 1761 canapi·
1042 1706 1114 1745 rem.
1131 1694 1166 1744 Et
1181 1693 1260 1756 nota,
1276 1688 1346 1760 quia
1360 1706 1418 1744 nen
1430 1689 1481 1755 ait,
1493 1689 1523 1743 in
1535 1688 1758 1745 similitudinem
1770 1689 1867 1745 homi·

167 1787 289 1840 cialiter.
306 1782 477 1854 b'errrpiterne
491 1796 595 1852 spiraque
612 1780 697 1835 rirlne
711 1782 780 1851 rpus,
806 1785 831 1833 rt
855 1778 988 1835 diuinitas
1042 1779 1100 1848 nis,
1116 1778 1177 1844 secl,
1194 1779 1224 1833 in
1238 1777 1450 1833 sinailitudincnr
1468 1779 1599 1847 inreqinis
1616 1778 1775 1834 nerninem:
1800 1796 1867 1852 spe·

167 1870 316 1928 intellecta
330 1869 552 1940 conspiciuntur
571 1887 588 1923 a
603 1874 737 1924 ereatura
758 1869 870 1935 natandi,
895 1884 946 1939 per
956 1884 990 1921 ea
1044 1867 1233 1939 clemquippe
1243 1866 1364 1921 bomani
1375 1868 1504 1939 corporis
1515 1868 1640 1923 formare
1651 1886 1709 1924 non
1721 1872 1866 1942 poterant,

168 1979 232 2033 quae
248 1962 427 2015 factasunt:
443 1976 459 2013 a
474 1963 607 2013 ereatura
621 1958 729 2029 quippe
740 1958 854 2025 arandi,
882 1957 908 2010 id
935 1961 988 2023 est,
1045 1955 1328 2011 rerlsimilitudinem
1340 1955 1488 2028 imaginis,
1500 1957 1715 2015 cuidivinitatis
1725 1958 1867 2015 honorem

170 2051 207 2107 ab
223 2050 286 2121 ipso
300 2047 405 2103 mundi
419 2046 547 2113 exordia,
565 2064 615 2118 per
629 2046 758 2102 visibiles
774 2051 934 2111 creaturas,
949 2046 991 2100 in·
1045 2044 1452 2116 impendebant.0uodautem
1463 2049 1564 2117 gentes
1573 2046 1798 2103 similitudinem
1810 2048 1868 2119 (89)

167 2136 291 2194 visibilis
307 2136 426 2207 agnosci
441 2134 537 2207 potuit
551 2136 678 2191 Creator.
696 2136 780 2197 Nam,
797 2152 864 2190 cum
891 2134 990 2189 Demi·
1045 2132 1180 2188 humane
1190 2133 1327 2205 imaginis
1338 2150 1390 2205 pro
1403 2139 1460 2190 beo
1471 2134 1608 2205 celerent,
1620 2135 1869 2206 ostenditDaniel,

168 2244 225 2283 nus
238 2231 298 2281 tam
314 2223 437 2295 pulchra
451 2223 613 2279 condiderit
629 2223 782 2287 etantanto,
799 2229 880 2278 ntea
895 2222 989 2277 honri·
1045 2221 1095 2292 qui
1110 2221 1181 2277 dicit
1196 2222 1368 2295 babylonios
1383 2224 1522 2279 adorasse
1547 2224 1772 2281 similitudinem
1789 2225 1868 2282 Betis

168 2332 231 2383 nes,
247 2312 332 2385 quasi
347 2314 417 2369 dees
432 2312 598 2378 adorarent,
616 2311 699 2368 l'aeile
714 2311 849 2383 cognosci
866 2316 989 2384 peterat,
1045 2312 1126 2381 (tlon.
1148 2328 1205 2375 mv,
1221 2314 1268 2380 z’):
1284 2311 1333 2368 Bel
1357 2330 1485 2384 nataque
1511 2320 1593 2384 pater
1618 2314 1673 2369 suit
1696 2314 1763 2371 Nini
1789 2316 1871 2389 regis

169 2405 240 2477 quia
252 2399 521 2473 incomparabiliter
536 2399 686 2472 pulchrior
711 2405 774 2456 erat
799 2399 856 2468 ille,
882 2400 931 2471 qui
957 2416 991 2455 ea
1043 2398 1240 2471 Assyriorum,
1257 2400 1381 2467 bursus,
1398 2404 1475 2473 qued
1491 2408 1640 2474 serpentes
1650 2404 1778 2460 colerent
1788 2405 1869 2461 idem

169 2492 310 2549 condidit.
326 2490 467 2547 Virtutem
482 2489 581 2560 itaque
596 2493 679 2545 vocat
702 2488 863 2545 divinitatis
888 2496 990 2560 poten·
1044 2488 1146 2544 Daniel
1161 2490 1352 2559 demonstrat,
1368 2491 1418 2563 qui
1435 2491 1570 2563 pra-tates
1596 2492 1768 2566 babylonios
1797 2495 1870 2551 dicit

170 2582 252 2651 tium,
266 2597 329 2653 qua
341 2578 523 2650 emniaregit
534 2596 540 2645 ;
553 2578 734 2634 divinitatem
745 2594 822 2641 vcro,
835 2578 929 2649 ipsam
941 2578 991 2632 Dei
1045 2579 1183 2633 ullorasse
1197 2579 1365 2641 draconem.
1381 2597 1469 2652 quem
1478 2581 1541 2652 ipse
1554 2581 1709 2639 interiecit.
1725 2583 1870 2639 Celebant

171 2672 444 2741 majestatemque
460 2666 930 2739 repletuniversa.llrneenim,id
947 2672 992 2722 ost
1046 2666 1239 2723 nibilominus
1272 2668 1482 2725 similitudines
1515 2672 1754 2744 quadrupedum,
1790 2674 1871 2729 sicut

171 2758 275 2825 virtus,
292 2761 321 2812 et
336 2755 484 2823 divinitas,
503 2772 553 2827 per
566 2754 697 2811 visibiles
721 2760 870 2811 creaturas
893 2760 992 2828 potue·
1045 2755 1171 2828 AEgpptii
1186 2762 1293 2828 Apem.
1308 2757 1377 2829 Apis
1393 2759 1502 2815 etenim
1528 2776 1577 2816 rex
1602 2762 1658 2817 luit
1680 2762 1869 2834 Argivorum,

172 2845 368 2918 runtagnosei
380 2861 387 2901 :
399 2845 526 2915 sedquia
537 2861 594 2899 non
606 2845 791 2917 suntagnitn,
804 2844 911 2901 ideirco
922 2848 992 2900 sunt
1046 2842 1097 2915 qui
1112 2843 1235 2899 naribus
1249 2844 1283 2900 de
1291 2844 1401 2902 Graecia
1410 2852 1509 2903 vectus
1519 2848 1548 2903 in
1559 2849 1726 2922 AEgyptum,
1738 2851 1778 2905 ibi
1791 2868 1871 2908 mor·

169 2934 401 2993 inexcusabiles:
419 2935 496 2989 unde
510 2939 539 2989 ct
553 2932 708 2989 subditur:
725 2935 767 2989 ltu
777 2942 807 2989 at
816 2936 873 2990 sint
882 2936 993 2990 incern-
1046 2936 1171 2987 tuusest
1194 2935 1223 2987 et
1238 2932 1392 3005 sepultus:
1418 2940 1447 2991 et
1462 2936 1531 3001 quia
1556 2937 1639 3008 prius
1653 2940 1678 2993 ei
1701 2938 1870 2996 sacrificare

169 3026 277 3081 nubiles.
293 3024 351 3080 Cur
365 3026 462 3078 autem
479 3022 539 3077 sint
554 3021 778 3092 inexcusabiles,
803 3023 990 3078 manifestat:
1046 3026 1291 3093 eoeperuntquam
1302 3022 1445 3095 templum
1457 3024 1760 3095 ipsiuserditiearetur,
1773 3026 1872 3086 dietus

170 3116 243 3185 Quin
255 3114 322 3169 etiarn
336 3114 522 3183 cognovissent
535 3112 629 3179 bearis,
646 3128 701 3169 iren
715 3116 785 3167 sient
799 3114 884 3168 Deam
910 3112 992 3183 pleri·
1047 3112 1091 3164 est
1106 3109 1243 3182 Serapis:
1260 3110 1339 3167 Seres
1353 3111 1431 3168 euim
1453 3114 1549 3170 Graece
1568 3116 1725 3187 sepulcrum
1748 3116 1870 3175 dieitur.

169 3206 328 3276 ficrrrverant,
344 3211 397 3259 orat
410 3204 650 3272 pratiaarperaat,
662 3207 716 3257 ete.
728 3201 873 3257 Virtutem
884 3196 1028 3273 quippei}
1047 3197 1120 3253 liuie
1136 3204 1253 3255 taurum
1268 3201 1432 3258 sacrificare
1447 3202 1598 3261 solebant:
1614 3205 1794 3278 undeetipse
1804 3210 1872 3262 tau·

170 3292 327 3349 invisibilis
343 3293 476 3347 essentiae
491 3308 543 3362 per
558 3290 699 3358 visibiles,
711 3296 744 3345 ut
754 3291 929 3357 dictumest,
941 3306 992 3362 po·
1050 3305 1111 3359 rus,
1128 3290 1197 3360 Apis
1213 3290 1323 3345 dietum
1339 3294 1395 3360 est,
1411 3308 1498 3363 quern
1513 3292 1639 3366 AEgpptii
1655 3311 1706 3365 pro
1725 3296 1780 3350 beo
1795 3294 1872 3352 eole-

171 3386 290 3438 tuerunt
305 3395 462 3451 agnoscere
477 3384 635 3435 creaturas.
646 3379 730 3447 Noni,
741 3380 876 3450 quamvis
887 3394 994 3434 nomen
1048 3377 1207 3433 bantlline
1217 3384 1270 3449 est,
1282 3381 1359 3451 quod
1371 3380 1424 3435 filii
1436 3381 1525 3438 lsrael
1536 3382 1565 3437 in
1573 3383 1686 3440 deserte
1700 3384 1871 3441 similit-udi-

174 3470 226 3527 Dei
241 3468 337 3525 adbuc
347 3472 424 3523 esset
436 3466 581 3537 ignotum,
593 3466 685 3521 virtus
696 3472 793 3524 tamen
804 3468 971 3523 cratrnauit
984 3496 995 3507 ·
1050 3483 1116 3522 nem
1131 3467 1215 3522 vituli
1231 3470 1371 3525 lecerunt.
1394 3471 1564 3527 Adorabunt
1579 3477 1607 3528 et
1621 3472 1765 3542 volueres,
1790 3473 1868 3530 sicut

174 3565 239 3617 sta:
255 3559 333 3614 unde
348 3574 405 3613 non
422 3556 723 3627 ignorentin(es),sed
735 3557 770 3612 de
785 3556 996 3629 glorilieatione
1048 3556 1175 3628 AEgpptii
1190 3574 1333 3629 coracem,
1350 3558 1400 3630 qui
1429 3559 1531 3615 Latine
1555 3561 1664 3617 dieitur
1689 3564 1870 3636 nycticorax,

176 3649 441 3724 reprehenduntur,
457 3663 525 3702 eam
541 3645 665 3701 dieitur:
682 3647 741 3701 Non
754 3648 823 3701 siret
837 3647 923 3701 bearn
936 3645 995 3717 ple·
1050 3645 1134 3717 quasi
1150 3646 1361 3716 noetiecarvus
1372 3654 1401 3705 st
1411 3649 1533 3705 ltomani
1544 3666 1688 3707 anserem.
1698 3652 1761 3708 Non
1772 3652 1869 3710 solum

173 3742 360 3813 rificeeernnt,
375 3737 473 3803 idest,
489 3735 619 3795 debitum
634 3734 676 3789 illi
696 3737 836 3792 honorem
859 3752 917 3790 non
943 3734 995 3788 irn-
1049 3734 1122 3803 hree,
1135 3735 1185 3790 sed
1201 3741 1229 3791 et
1243 3735 1302 3793 alia
1316 3736 1410 3793 multa
1423 3736 1577 3808 celebant;
1594 3741 1671 3797 unde
1697 3742 1769 3799 dicit
1790 3742 1871 3800 Salo

173 3826 495 3904 pederuntCumenim
511 3823 845 3882 Deusillisnensolum
875 3822 995 3879 utilissi·
1049 3826 1768 3903 men:llertnaanrertnamfiapitmunibusiniqaia
1790 3832 1868 3905 (Sep.

171 3916 662 3989 marumdisciplinarumperitiam
676 3914 820 3985 tribuerit,
832 3913 992 3982 sedetiam,
1047 3930 1095 3981 xv,
1111 3915 1171 3987 til:
1187 3920 1215 3970 ot
1239 3915 1413 3973 Psalmista:
1443 3919 1599 3975 Sinialeera
1622 3922 1745 3989 peritiam
1767 3938 1868 3993 erpen-

169 4014 203 4066 ut
217 4012 384 4065 desummo
399 4008 474 4063 bono
491 4010 669 4073 tractareut3
692 4004 760 4075 ipsi,
776 4004 897 4071 bentun,
914 4004 991 4075 quod
1047 4012 1104 4059 tarn
1119 4011 1145 4059 et
1158 4021 1258 4061 caterina
1274 4007 1361 4074 (Psoi.
1377 4023 1457 4077 uarii,
1476 4010 1512 4077 1).
1537 4013 1680 4067 Praeterea
1704 4010 1868 4080 sciendum,

170 4099 328 4169 habebant,
338 4114 395 4152 non
409 4101 477 4163 beo,
491 4096 541 4151 sed
555 4093 611 4150 sibi
622 4094 793 4156 tribuentes,
807 4108 991 4163 nequaquam
1048 4092 1119 4162 quia
1134 4110 1211 4148 nune
1227 4094 1315 4149 etiam
1332 4094 1466 4153 homines
1490 4096 1568 4153 idola
1587 4099 1696 4172 colunt,
1719 4099 1869 4173 diligendo

170 4187 220 4243 Dei
234 4186 362 4257 gratuita
377 4185 517 4251 bonitate,
531 4183 582 4238 sed
598 4182 661 4238 suis
677 4198 708 4237 so
723 4180 836 4236 meritis
844 4180 992 4252 accepisse
1046 4181 1141 4251 magis
1155 4187 1317 4239 creaturam
1339 4202 1430 4256 quam
1454 4190 1641 4244 Creatorem:
1658 4190 1737 4245 vorbi
1761 4191 1868 4261 gratia,

167 4275 335 4343 eredebant,
353 4274 692 4345 ideoqucevanuerunt;
711 4272 788 4325 unde
810 4286 877 4325 rnox
892 4271 990 4342 sequi·
1045 4268 1180 4341 glutones
1207 4273 1302 4345 magis
1322 4272 1449 4347 diligunt
1472 4281 1603 4333 ventrem
1629 4294 1717 4349 quam
1752 4278 1867 4335 Deum:

166 4368 230 4421 tur:
260 4363 311 4420 Sed
340 4365 511 4419 nnana-ant
534 4364 565 4415 in
592 4360 799 4431 capitationibus
836 4361 904 4427 sais,
934 4364 989 4415 etc.
1044 4358 1174 4431 glutonis
1189 4378 1257 4435 erga
1272 4366 1350 4419 Deus
1370 4369 1471 4421 venter
1497 4370 1562 4433 est;
1586 4367 1663 4421 unde
1686 4367 1868 4435 Apostolus:

166 4452 288 4509 Nullum
303 4452 411 4523 quippe
427 4450 525 4521 suajus
536 4464 708 4505 evanescere
724 4453 778 4515 est,
796 4465 884 4521 quam
900 4466 917 4504 a
931 4450 989 4505 Deo
1045 4451 1167 4518 eroraan
1179 4453 1248 4508 beas
1261 4458 1356 4509 eentm
1368 4459 1407 4509 est
1425 4463 1451 4510 et
1463 4456 1553 4525 pieria
1571 4457 1601 4509 in
1620 4455 1780 4525 cerrfnaioae
1810 4457 1869 4529 (90)

165 4546 317 4614 acceptum
335 4541 445 4596 bonum
462 4538 518 4594 sibi
533 4538 672 4594 tribuere.
695 4540 730 4592 la
754 4538 928 4593 obarmatanr
950 4546 989 4594 est
1002 4564 1027 4629 D
1042 4541 1174 4611 ipsoram.
1201 4541 1230 4596 Si
1259 4557 1327 4611 ergo
1350 4540 1479 4613 glutonis
1501 4548 1577 4598 Deus
1601 4546 1710 4611 venter,
1734 4547 1763 4599 et
1786 4547 1868 4603 avari

164 4631 298 4702 insipiens
312 4646 359 4687 cor
374 4644 477 4685 curura.
495 4628 575 4697 Eece,
597 4628 668 4682 dicit
685 4627 854 4699 Apostolus,
870 4644 918 4683 cor
937 4644 988 4683 eo·
1042 4644 1157 4698 anatim,
1173 4644 1206 4685 ae
1221 4646 1272 4700 per
1285 4628 1339 4684 hoe
1363 4629 1483 4702 impuri,
1509 4636 1538 4687 et
1567 4630 1693 4688 adulteri
1716 4631 1794 4691 Deus
1818 4640 1866 4691 est

163 4736 230 4775 rum
246 4720 446 4775 obscuratum.
462 4719 516 4785 Sed
546 4718 621 4773 uuile
645 4718 837 4773 obscuratum
861 4716 900 4772 sit
928 4732 986 4772 non
1041 4720 1181 4773 scortum.

161 4810 301 4866 ostendit.
319 4808 548 4879 Intelligendum
564 4824 632 4879 ergo
644 4812 699 4874 est,
716 4806 984 4879 quiaobscurntnm
1076 4806 1233 4878 Sequitur:
1248 4808 1362 4879 Propter
1373 4809 1443 4879 qued
1458 4810 1581 4866 tradidit
1594 4827 1638 4867 eos
1662 4812 1719 4885 (91)
1738 4813 1807 4867 bens
1831 4816 1863 4869 in
1901 4878 1909 4891 ,

163 4896 241 4954 nube
266 4897 401 4952 humanas
416 4895 531 4951 laudis:
548 4912 601 4967 pre
625 4895 750 4967 acceptis
773 4898 881 4967 quippe
901 4894 985 4951 bonis
1039 4894 1177 4951 ‹lesidnio
1200 4896 1289 4952 cordia
1312 4912 1417 4966 carram,
1439 4903 1495 4955 etc.
1523 4902 1604 4966 Quod
1630 4901 1711 4965 dicit,
1735 4900 1862 4973 tradidit,

160 4985 321 5043 humanam
342 4985 460 5040 laudem
476 4984 655 5056 querebant,
672 4988 701 5039 et
715 4984 779 5039 ideo
806 4984 915 5037 laetum
940 4987 985 5039 est
1039 4982 1413 5057 intelligendumest,tradi
1421 4990 1567 5060 pertudit:
1580 4991 1657 5047 sicut
1668 4990 1864 5049 dieiturDeus

159 5072 302 5148 insipiens
317 5091 366 5131 eor
380 5090 491 5130 eoram.
509 5073 653 5144 lnsipiens
667 5073 746 5128 enim
763 5088 812 5127 cer
823 5071 895 5127 illud
908 5077 984 5127 recte
1038 5070 1193 5131 indurasse
1202 5092 1251 5131 cor
1264 5075 1435 5148 Pharaonis,
1448 5081 1568 5149 eoquod
1580 5080 1686 5135 durum
1698 5097 1756 5136 non
1767 5081 1864 5137 molli·

159 5164 275 5234 dicitur,
293 5165 371 5238 quod
388 5168 540 5235 treceptnm
556 5162 669 5218 bonam
685 5162 740 5216 sibi
757 5161 870 5233 tribuit,
887 5165 916 5215 et
931 5177 982 5231 pro
1037 5162 1142 5219 beavit.
1151 5164 1387 5222 Sedinboedicto
1396 5166 1863 5241 animaduertendumestquanta

157 5264 202 5324 eo,
215 5270 272 5310 neu
288 5254 351 5319 Dei,
367 5253 418 5309 sed
434 5268 519 5307 suam
534 5250 659 5323 gloriam
671 5250 785 5322 querit.
1038 5252 1078 5307 sit
1092 5252 1195 5309 divinae
1209 5254 1327 5326 pietatis
1338 5256 1488 5313 miseratio
1502 5274 1577 5314 :non
1588 5260 1667 5314 enim
1678 5259 1862 5318 tradiditeos

193 5360 249 5427 (87)
264 5360 296 5416 ln
312 5363 372 5415 aut.
390 5374 483 5431 marg.
500 5374 525 5413 e.
542 5356 588 5412 lV.
808 5427 814 5438 .
832 5428 837 5439 ¹
1036 5357 1113 5413 cedit
1127 5360 1248 5415 verbum
1259 5362 1482 5431 similitudinem,
1496 5365 1860 5438 undeeapungendamibi

192 5429 248 5502 (88)
264 5430 471 5487 Verisimiliter
485 5430 681 5501 preponenda
691 5432 857 5500 praepositio
872 5426 979 5485 deuote
1034 5428 1097 5486 visa
1112 5434 1168 5485 est.

155 5501 277 5557 verbum
302 5504 472 5573 ignorantie,
489 5518 553 5572 qun
568 5504 667 5556 tamen
692 5498 836 5571 particula
850 5500 933 5557 deest
947 5500 978 5555 in
1069 5502 1124 5572 (bb)
1139 5500 1264 5575 Philipp.
1282 5522 1324 5574 m,
1341 5506 1384 5560 19.
1415 5504 1446 5561 ln
1473 5508 1655 5580 autographo
1678 5508 1805 5567 habetur
1828 5510 1862 5567 in

156 5574 351 5647 autographo.
434 5645 439 5655 ι
792 5642 821 5655 ..
865 5643 870 5654 .
965 5673 975 5687 ι
1030 5573 1219 5699 religationem
1233 5592 1318 5633 secus
1334 5593 1367 5631 ae
1382 5576 1413 5632 in
1428 5576 1563 5707 Vulgata.
1711 5654 1716 5665 ι

188 5644 245 5733 (db)
260 5649 417 5723 Perperam
433 5662 463 5701 rn
477 5643 659 5719 autographo
675 5648 842 5719 praepositio
858 5658 888 5699 an
903 5659 962 5718 pra
1066 5646 1075 5719 (
1098 5644 1124 5719 1)
1139 5650 1171 5703 to
1185 5646 1365 5723 autographo
1380 5664 1434 5722 eea,
1450 5665 1482 5709 se
1518 5666 1549 5709 aa
1565 5650 1690 5727 Vulgata
1704 5653 1781 5713 alles.
