3908 6096
166 360 225 435 ire
679 369 845 434 amous
866 358 1357 432 vacuatumsrsariscorr
1813 337 1875 426 iob

167 485 238 562 't'ium
248 505 276 561 in
287 520 380 563 mnnea
391 505 515 564 bominac
529 507 557 562 in
568 505 881 578 justificationemuitee.
892 503 925 558 ln
940 500 987 558 his
1001 501 1029 568 Α
1042 516 1093 572 per
1102 500 1364 566 imbedieutiom,et
1373 497 1497 571 reliqua.
1505 496 1617 563 Quibus
1627 494 1726 553 verbis
1740 495 1870 570 gratim

165 580 274 664 uerbis,
299 594 324 652 si
349 594 542 652 imitationem
567 594 764 661 attendamus,
785 597 818 649 ut
839 590 988 664 Pelagiani
1042 604 1101 661 qua
1111 589 1213 646 salvati
1226 605 1339 658 sumus,
1352 604 1418 645 cum
1430 603 1538 660 magna
1547 585 1700 643 devotione
1709 585 1868 644 ostendere

166 678 314 754 assarum,
324 685 412 742 unius
422 683 560 741 delictum
572 681 683 739 nullius
694 680 815 738 alterius
824 681 888 751 erit,
899 693 988 752 quam
1041 677 1143 735 voluit.

168 765 360 841 diabolised,
373 774 518 844 quiaapte
528 769 686 843 Apostolus
697 771 732 826 ds
743 770 836 825 Adam
846 767 989 840 loquitur,
1079 768 1135 823 Sed
1151 768 1222 840 quid
1238 771 1283 824 est
1297 767 1374 840 quod
1387 768 1423 824 de
1438 765 1641 838 peccatoribus
1655 763 1792 838 loquens,
1805 764 1847 821 ait
1862 781 1870 819 :

168 848 252 919 nulla
265 860 313 917 hic
328 859 454 916 imitatio
468 859 658 934 intelligenda
672 863 735 928 est,
753 859 804 915 sed
819 856 989 930 propagatio
1043 858 1183 914 condduti
1204 861 1293 912 sunt:
1317 855 1352 913 de
1371 854 1462 927 justis
1483 872 1549 911 vero
1567 871 1573 909 :
1598 856 1822 911 constituentur?
1835 854 1870 911 si

168 950 291 1025 peccati.
306 949 352 1004 Ait
374 964 441 1021 ergo
458 965 465 1004 ε
491 950 559 1004 sicut
572 965 623 1021 per
636 949 720 1004 unius
735 947 863 1003 delictum
877 945 990 1017 (subin-
1044 944 1123 1001 enim
1137 944 1349 1017 nondumjasti
1360 943 1511 1000 constituti
1522 943 1679 1015 sunt,quid
1690 942 1725 998 de
1733 942 1870 998 Patribus

169 1038 322 1112 telligitur‚
340 1054 419 1094 mars
435 1037 576 1111 regnavit)
592 1039 622 1092 in
636 1036 901 1106 condemnationem,
912 1034 992 1090 itaet
1044 1031 1877 1105 Veteris'l'estamentidieendumestlsienimlleoplacue-

166 1120 993 1203 peruniusjuatitium(subintelligitur,gratiaregnavitlin
1046 1128 1127 1189 runt,
1140 1123 1214 1195 justi
1237 1124 1338 1194 utique
1357 1123 1485 1188 fuerunt,
1501 1121 1603 1178 eadem
1619 1121 1727 1194 quippe
1743 1120 1799 1192 ipsi
1817 1121 1876 1177 ilde

166 1214 395 1292 iustificationum
408 1217 481 1270 vitae.
495 1214 511 1269 J
516 1214 647 1270 ustitiam
663 1213 750 1270 unius
762 1213 900 1279 huminis,
909 1211 994 1283 justi·
1049 1211 1150 1268 salvati
1162 1215 1231 1266 eunt
1243 1228 1301 1283 qua
1314 1215 1344 1266 et
1357 1227 1420 1266 nos.
1432 1210 1517 1278 Nam,
1529 1210 1607 1281 quod
1621 1227 1674 1266 nos
1686 1210 1750 1281 jam
1762 1209 1876 1265 iactum

169 1305 243 1362 tiam
258 1304 329 1361 dicit
337 1304 408 1361 lesu
420 1303 536 1374 Christi,
549 1320 608 1375 qua
618 1303 761 1375 justificat
776 1302 892 1373 impios,
905 1317 993 1373 quem
1049 1298 1206 1367 credimus,
1222 1299 1263 1356 illi
1287 1300 1444 1356 credebant
1458 1300 1601 1355 loturum.
1619 1299 1700 1355 Unde
1716 1298 1877 1371 Apostolus

171 1388 246 1450 nulli
260 1392 435 1450 imitandam
449 1391 611 1465 proposuit,
622 1393 673 1447 sed
690 1392 752 1464 ipsa
766 1389 847 1446 solus
858 1389 933 1445 hanc
943 1406 994 1461 po·
1050 1388 1117 1445 alibi
1131 1389 1282 1445 :Habentes
1296 1388 1420 1443 eumdem
1429 1390 1559 1461 spiritum
1568 1387 1636 1460 fidei
1644 1390 1681 1456 (tl
1690 1386 1752 1444 Cor.
1768 1404 1806 1454 iv,
1819 1387 1876 1460 13).

170 1484 240 1553 test,
257 1482 307 1555 qui
332 1485 376 1538 est
398 1482 472 1536 inter
495 1488 615 1536 mortuos
630 1481 701 1536 liber
716 1481 801 1552 (Psoi.
818 1495 939 1546 amaru,
955 1477 995 1549 6).
1050 1479 1132 1544 Quod
1147 1477 1328 1534 enucleatius
1343 1477 1471 1534 ostendit
1485 1477 1589 1534 beatus
1604 1477 1707 1532 Petrus
1722 1477 1878 1549 apostolus

172 1560 733 1645 HancnonPetrus,nonPaulushahuit;
743 1566 996 1641 quiaimpiumju-
1051 1565 1171 1622 dicens:
1189 1566 1243 1621 Sed
1256 1583 1307 1637 per
1320 1567 1441 1637 pretium
1451 1566 1499 1621 Dei
1512 1565 1771 1636 credimursatuori,
1784 1581 1879 1637 quem·

106 1724 112 1732 ἱ
172 1645 298 1739 stificare
309 1673 367 1713 nou
378 1656 520 1730 potuitsi
531 1672 599 1728 ergo
611 1657 674 1712 sola
684 1655 809 1711 imitatio
820 1654 889 1712 iacit
899 1669 998 1726 peeca-
1052 1655 1204 1711 admadum
1214 1658 1240 1710 et
1254 1656 1308 1726 ipsi
1322 1655 1391 1726 (Act.
1408 1671 1454 1719 xv,
1467 1653 1520 1725 12).
1535 1653 1565 1709 Si
1579 1669 1647 1726 ergo
1659 1653 1733 1726 justi
1745 1653 1876 1722 fuerunt,

171 1749 250 1804 tores
275 1763 325 1818 per
339 1746 443 1814 Adam,
460 1762 513 1801 cur
527 1762 584 1801 non
601 1745 663 1801 sola
678 1743 802 1800 imitatio
818 1742 886 1799 facit
897 1743 996 1813 justos
1053 1758 1143 1815 quare
1153 1741 1309 1814 Apostolus
1323 1743 1410 1798 verbo
1421 1742 1510 1798 futuri
1524 1743 1665 1815 temporis
1679 1757 1753 1798 usus
1766 1741 1879 1817 aetdi-

170 1829 224 1909 per
234 1834 404 1891 Christum?
417 1834 485 1904 Sed,
497 1834 583 1890 absit.
596 1833 729 1890 Christus
739 1833 819 1889 enim
831 1827 939 1887 idcirco
952 1847 996 1886 re·
1052 1846 1132 1896 cens,
1147 1832 1367 1887 constituentur?
1381 1829 1505 1902 Scilicet,
1527 1831 1597 1903 quia
1619 1829 1752 1903 previdit
1776 1831 1878 1903 plures

172 1926 218 1980 uta
232 1939 309 1979 unus
319 1921 444 1990 dicitur;
463 1921 532 1994 quia
544 1939 601 1977 non
613 1923 676 1978 sola
688 1922 753 1992 ejus
768 1919 893 1977 imitatio
900 1920 999 1990 justos
1054 1919 1215 1976 credituros
1226 1920 1256 1975 in
1267 1920 1345 1976 Novo
1354 1920 1541 1996 'testamento
1551 1936 1640 1991 quarn
1651 1920 1794 1991 inVeteri‚
1803 1919 1878 1990 sive,

171 2010 258 2079 iacit3
274 2009 325 2066 sed
342 2009 435 2082 gratis
447 2025 623 2082 regenerans
635 2009 837 2082 perspiritum
849 2011 996 2064 sanctum.
1052 2007 1132 2080 quia,
1142 2008 1211 2065 licet
1227 2008 1264 2064 sit
1275 2008 1304 2063 in
1321 2008 1455 2080 presenti
1465 2007 1525 2065 vita
1535 2008 1704 2065 constitutio
1712 2009 1879 2080 justorum,

173 2097 314 2155 Similiter
328 2103 356 2154 et
365 2098 457 2154 Adam
471 2115 547 2154 uuus
558 2098 685 2166 dieitur3
701 2098 772 2170 quia
786 2114 843 2153 non
855 2097 918 2153 sola
932 2096 998 2168 ejus
1052 2096 1207 2169 perfectior
1220 2101 1319 2152 tamen
1334 2096 1390 2152 erit
1403 2097 1433 2152 in
1456 2097 1564 2153 lutura.
1582 2097 1702 2169 Propter
1716 2084 1878 2170 perlectam

173 2186 298 2244 imitatio
311 2193 475 2259 peccatores
487 2187 566 2253 tacit,
578 2187 629 2242 sed
645 2192 673 2242 et
688 2204 774 2258 prena
783 2185 893 2259 peceati
908 2200 996 2258 gene·
1051 2201 1120 2258 ergo
1129 2188 1278 2257 justorum
1290 2184 1527 2242 constitutionem
1538 2185 1629 2241 futuri
1638 2185 1789 2258 temporis,
1802 2203 1879 2245 usus

172 2291 242 2332 rans
257 2292 309 2348 per
323 2279 458 2331 martem.
476 2276 602 2347 ideoque
617 2281 693 2330 reete
709 2274 768 2331 illic
782 2276 843 2331 ait:
859 2277 890 2331 tn
904 2290 996 2330 munes
1050 2279 1096 2329 est
1110 2275 1197 2329 verbo
1212 2273 1317 2345 [laturi
1332 2272 1484 2345 temporisl
1500 2273 1585 2346 (205).

172 2358 296 2427 homines
311 2365 342 2420 tn
354 2364 606 2428 condemnationem
615 2380 626 2425 ,·
641 2363 687 2418 hic
700 2368 797 2419 autem
814 2365 844 2418 iu
859 2378 950 2418 omncs
966 2363 997 2417 in
1087 2362 1130 2432 Et,
1147 2378 1183 2417 ne
1197 2360 1290 2417 iudei
1305 2377 1357 2432 pro
1372 2361 1435 2434 tage
1450 2361 1657 2434 gloriarentur,
1673 2361 1779 2433 adjecit
1795 2379 1802 2419 :
1819 2363 1878 2420 Lex

171 2450 402 2524 ludificationem
421 2467 515 2523 neque
530 2452 608 2508 enim
624 2467 736 2520 omnes,
754 2451 802 2522 qai
819 2456 996 2523 generantur
1049 2439 1143 2506 autern
1154 2451 1331 2516 subintravit,
1342 2457 1373 2505 ut
1386 2451 1540 2507 abundaret
1551 2451 1689 2507 delictum.
1702 2450 1876 2508 subintrare

170 2535 994 2613 paredamiidemipsiregeneranturperchristum.Ssd
1049 2538 1877 2612 estalteriuslocosuccedere,sirealteriuslocumpreoc-

169 2627 289 2700 idcireo,
302 2632 330 2684 et
345 2627 404 2683 illic
419 2644 511 2684 omues
526 2627 607 2694 dicit,
618 2627 698 2701 quia,
715 2626 791 2683 sicut
805 2627 916 2683 nullius
931 2644 994 2683 car·
1049 2644 1166 2701 cupere.
1178 2627 1437 2701 Subintravitergo
1451 2628 1497 2684 lex
1511 2629 1628 2701 scripta,
1641 2629 1711 2701 quia
1725 2627 1789 2686 loco
1800 2629 1875 2703 legis

169 2715 247 2773 nalis
256 2717 404 2790 generatio
415 2721 470 2784 est,
483 2717 540 2772 uisi
557 2734 608 2788 per
618 2716 720 2783 Adam,
733 2717 774 2772 ita
788 2715 900 2772 nullius
910 2715 995 2788 spiri·
1049 2715 1697 2790 naturassuccessimostenditeuimApostolus
1707 2718 1769 2775 suis
1777 2719 1875 2776 verbis

169 2804 313 2885 talis,nisi
326 2804 660 2878 perGhristum.Omnes
670 2803 768 2878 itaque
779 2805 809 2860 in
820 2806 995 2861 condemna·
1049 2805 1232 2861 annullatam
1253 2800 1316 2877 ja'ru
1331 2822 1395 2863 esse
1410 2805 1505 2878 legem
1520 2811 1642 2878 nature,
1659 2807 1709 2863 sed
1726 2808 1795 2864 data
1810 2807 1875 2882 lege

169 2893 280 2950 tionem
293 2893 365 2950 dicit
375 2910 434 2960 eos,
447 2894 497 2966 qui
509 2898 671 2950 nascuntur
684 2894 836 2966 perAdam
847 2893 994 2966 pertinen·
1049 2894 1159 2966 scripta
1169 2894 1292 2965 caepisse
1302 2893 1559 2967 vigerenelictum
1571 2911 1648 2962 vero,
1660 2912 1717 2951 non
1731 2894 1875 2970 originale

170 2985 216 3039 tes
226 2982 261 3038 ad
272 2981 419 3039 carnalem
432 2982 667 3056 generationem;
681 2999 783 3039 omnes
796 2987 893 3038 autem
909 2982 938 3037 in
947 2983 995 3053 J'u·
1048 2982 1129 3053 dicit,
1142 2984 1193 3038 sed
1204 2983 1281 3055 quod
1293 2983 1427 3039 homines
1437 2987 1505 3055 post
1514 2982 1654 3056 originale
1665 2983 1873 3058 superaddide-

168 3070 386 3136 alterationem,
398 3086 460 3136 eos,
472 3072 521 3143 qui
533 3074 695 3127 nascuntur
704 3086 756 3143 per
767 3070 916 3127 Christum
927 3086 993 3143 per·
1048 3075 1128 3127 runt.
1136 3071 1285 3137 Quomodo
1294 3088 1373 3144 ergo,
1381 3072 1566 3128 subintrante
1576 3072 1874 3146 lege,ahundaritde·

168 3159 297 3215 tinentes
313 3160 348 3215 ad
369 3159 532 3231 spiritalem
548 3159 775 3232 generationem.
791 3160 827 3215 lli
841 3166 910 3216 nota
924 3159 995 3231 quia
1048 3157 1173 3215 lictum?
1188 3160 1270 3230 Ouia,
1282 3159 1350 3214 data
1366 3159 1429 3232 lege
1444 3160 1564 3231 scripta,
1574 3159 1650 3216 lacta
1665 3165 1710 3217 est
1719 3161 1874 3234 originalis

169 3260 245 3320 quos
257 3247 305 3305 hio
318 3264 411 3304 omnes
422 3247 503 3317 dicit,
515 3248 632 3305 eosdem
645 3247 732 3321 paulo
745 3248 868 3304 interius
883 3249 991 3305 mutter.
1007 3231 1030 3298 C
1048 3248 1158 3320 peccati
1182 3248 1322 3321 cognitio,
1339 3252 1367 3303 et
1390 3251 1578 3320 augmentata
1592 3265 1677 3321 poena
1692 3249 1801 3306 delicti.
1818 3254 1874 3306 Lex

170 3336 229 3415 Neo
245 3337 353 3392 mirum
371 3355 377 3392 :
395 3353 463 3392 nam
479 3337 563 3392 multi
579 3336 636 3392 dici
652 3342 777 3409 possunt
792 3337 823 3393 in
837 3337 936 3409 aliqua
952 3354 992 3409 re,
1048 3352 1116 3410 orgo
1131 3335 1317 3403 subintravit,
1330 3341 1362 3392 ut
1376 3336 1540 3393 abundaret
1555 3337 1706 3405 delictum,
1720 3337 1750 3394 id
1765 3341 1811 3395 est
1824 3356 1872 3396 co·

169 3423 256 3481 etiam
270 3440 337 3479 cum
349 3423 433 3496 pauci
445 3424 607 3481 sint.Verbi
617 3424 721 3496 gratia,
733 3425 758 3481 si
769 3426 919 3481 dieamus:
935 3443 994 3482 una
1027 3425 1138 3498 'gnitio
1153 3429 1182 3481 et
1196 3441 1280 3498 poena
1295 3424 1404 3493 delicti,
1419 3430 1536 3497 propter
1551 3425 1606 3482 hoc
1619 3426 1698 3482 enim
1714 3427 1811 3484 solum
1827 3428 1874 3485 lex

168 3516 214 3569 est
223 3512 364 3569 obstetrix
375 3513 404 3567 in
418 3512 544 3581 civitate,
557 3530 619 3585 quae
633 3529 734 3569 omnes
745 3513 860 3586 excipit,
874 3518 904 3569 et
916 3531 993 3571 unus
1047 3513 1157 3585 scripta
1167 3514 1236 3568 data
1246 3518 1300 3581 est,
1314 3517 1345 3568 ut
1358 3511 1508 3584 originalis
1520 3514 1629 3585 peceati
1639 3515 1766 3588 cognitio
1777 3512 1871 3574 tieret.

168 3599 333 3656 litterarum
345 3600 496 3674 magister,
508 3601 557 3672 qui
568 3618 670 3657 omnes
681 3603 775 3658 docet.
788 3605 851 3657 Non
862 3602 940 3658 enim
952 3603 993 3659 in·
1084 3603 1134 3659 Ubi
1147 3609 1239 3658 autem
1253 3601 1403 3657 abundauit
1415 3603 1556 3672 peccatum
1571 3603 1644 3674 (206)
1660 3602 1700 3675 (id
1716 3609 1761 3660 est
1774 3605 1875 3678 cogni·

168 3688 991 3762 telligerepossumusquodomueshabitatorescivitatis,
1046 3689 1087 3746 tio
1111 3696 1140 3746 et
1164 3707 1248 3763 poena
1274 3689 1395 3763 peccati)
1418 3691 1650 3762 superabundavit
1670 3695 1770 3764 gratia.
1787 3693 1872 3760 Ouia,

167 3776 213 3834 vel
224 3775 274 3833 illa
284 3777 420 3851 excipiat,
431 3777 475 3833 vel
489 3780 543 3834 iste
554 3779 663 3835 doceat.
676 3779 732 3835 Sed
746 3779 811 3836 ideo
827 3779 878 3837 illa
891 3796 993 3839 omnes
1047 3795 1122 3851 quos
1136 3778 1181 3837 lex
1197 3782 1429 3851 transgressores
1444 3781 1560 3835 tantum
1575 3781 1746 3838 ostendebat
1759 3786 1788 3838 et
1803 3799 1874 3841 cou-

168 3865 277 3922 dieitur
287 3866 429 3939 excipere,
441 3866 622 3940 quianullus
633 3872 736 3939 prater
746 3869 810 3939 ejus
823 3885 928 3925 manus
939 3887 991 3926 ua·
1047 3867 1276 3936 damnabathos
1285 3867 1381 3922 divina
1391 3868 1873 3942 gratiajustidcavitetvivitiearit,

168 3954 279 4026 scitur;
296 3959 325 4011 et
339 3955 394 4012 iste
404 3971 508 4011 omnes
522 3956 636 4024 docere,
648 3955 718 4029 quia
732 3962 836 4029 preter
849 3957 913 4028 ejus
930 3975 992 4014 ma·
1047 3957 1171 4029 ideoque
1183 3956 1292 4012 dicitur
1303 3957 1634 4029 superabundasselex
1645 3957 1723 4014 enim
1737 3959 1872 4017 minaba-

167 4042 322 4118 gisterium
334 4060 420 4100 nemo
431 4044 529 4100 discit.
540 4043 632 4101 Habet
642 4045 741 4116 itaque
752 4045 860 4102 multos
871 4046 921 4101 ille
931 4064 992 4103 car·
1046 4049 1104 4114 tur,
1120 4047 1170 4102 sed
1187 4063 1243 4101 non
1260 4044 1460 4118 opitulabatur
1471 4064 1478 4115 ;
1491 4047 1623 4116 jubebat,
1640 4049 1691 4104 sed
1707 4065 1766 4105 non
1782 4066 1874 4106 sana·

167 4132 243 4194 calis
254 4133 414 4205 generatio,
425 4131 514 4188 habet
523 4140 552 4188 et
562 4132 703 4205 spiritalis
713 4158 720 4199 3
732 4134 782 4189 sed
793 4133 894 4206 plures
905 4135 993 4192 habet
1047 4134 1114 4202 bat;
1131 4135 1304 4189 ostendebat
1313 4133 1496 4207 languorem,
1508 4136 1558 4191 sed
1573 4153 1629 4192 non
1642 4137 1803 4194 auferebat.
1818 4142 1875 4196 Lex

168 4219 294 4276 carnalis
318 4236 406 4291 qnam
428 4220 579 4292 spiritalis.
597 4224 716 4289 Verum,
732 4222 809 4277 sicut
832 4221 882 4279 ills
905 4223 992 4280 habet
1045 4238 1114 4295 ergo
1127 4224 1195 4279 data
1205 4227 1259 4290 est,
1272 4228 1303 4277 ut
1313 4224 1407 4294 gratia
1419 4229 1615 4295 quercinum
1631 4226 1726 4299 gratia
1736 4226 1805 4284 data
1815 4232 1872 4295 est,

167 4324 270 4364 omnes
283 4307 427 4376 homiues,
441 4307 483 4362 ita
498 4311 526 4362 et
541 4308 601 4363 haec
618 4324 720 4364 omnes
731 4310 831 4379 justos
845 4309 990 4382 homines,
1046 4315 1079 4367 ut
1093 4312 1138 4367 lex
1154 4311 1335 4384 impleretur.

141 4466 146 4476 ἱ
166 4400 196 4452 et
211 4396 288 4453 sicut
303 4403 406 4469 prater
420 4396 502 4450 illam
517 4395 616 4451 nullus
632 4397 719 4453 homo
730 4400 815 4470 (eoi).
828 4399 910 4457 Unde'
925 4418 991 4457 mox
1083 4402 1123 4470 Ut,
1134 4402 1206 4456 sicut
1217 4403 1345 4470 regnauit
1358 4409 1500 4471 peccatum
1510 4404 1538 4456 in
1551 4405 1674 4457 enodem.
1687 4400 1761 4456 Illud
1772 4402 1873 4460 scien·

167 4486 324 4542 subditur:
342 4486 417 4542 Sicut
431 4487 506 4540 enim
518 4501 568 4557 per
581 4485 797 4542 inobedientiam
807 4491 891 4544 unius
906 4490 992 4546 bomi—
1045 4491 1117 4545 dum
1128 4491 1197 4561 quia
1209 4493 1279 4544 sunt
1289 4489 1424 4561 quadam
1436 4494 1552 4561 peccata
1563 4490 1777 4561 preterAdam.
1788 4490 1873 4548 Unde

167 4568 213 4630 nis
225 4578 380 4647 peccatores
394 4574 539 4629 constituti
552 4577 616 4629 suut
631 4574 723 4641 multi,
740 4575 822 4630 itaet
841 4592 893 4644 per
906 4578 991 4632 unius
1009 4598 1032 4663 D
1046 4577 1203 4649 Apostolus
1219 4577 1274 4633 hoe
1290 4577 1353 4633 loco
1369 4593 1426 4632 non
1441 4575 1562 4645 addidit,
1580 4594 1737 4649 perunum
1753 4583 1805 4636 aut
1818 4595 1874 4652 per

167 4662 352 4719 obeditionem
363 4663 436 4733 justi
450 4663 650 4718 constituentur
663 4663 758 4718 multi.
773 4662 880 4719 Multos
896 4668 994 4721 autem
1049 4666 1197 4722 homiuem
1209 4666 1288 4738 quia,
1296 4671 1328 4721 ut
1338 4666 1449 4721 dictum
1460 4669 1505 4721 est
1515 4666 1602 4738 paulo
1613 4669 1825 4740 superius,non
1834 4663 1873 4725 de

168 4766 226 4806 non
237 4751 364 4823 exceptis
374 4750 552 4822 quibusdam
561 4750 995 4817 dicit,sedonrnes.0bedientia
1048 4753 1182 4827 originali
1196 4753 1341 4824 loquitur;
1353 4755 1484 4826 regnavit
1498 4753 1577 4810 enim
1587 4762 1738 4825 peccatum
1750 4756 1780 4812 iu
1791 4774 1871 4814 mor·

169 4843 224 4907 est,
237 4844 298 4895 tam
311 4839 339 4894 iu
351 4839 522 4895 hominibus
534 4855 622 4911 quam
633 4839 663 4895 in
676 4842 755 4896 amni
768 4840 903 4897 rationali
913 4858 994 4898 crea·
1048 4849 1118 4910 tem,
1134 4843 1204 4914 quia
1219 4842 1291 4898 illud
1307 4846 1469 4915 peccatum,
1487 4843 1564 4914 quod
1585 4843 1718 4900 homines
1733 4843 1872 4920 originali

168 4933 245 4996 tura,
257 4928 476 5000 totiusjustitiae
488 4927 567 5001 origo
579 4929 995 5004 atqueperiectio.UndeApu·
1047 4932 1323 5004 superaddiderunt,
1340 4932 1422 4987 auxit
1445 4937 1579 4988 mortem.
1604 4933 1671 5001 Sed,
1692 4933 1762 5005 quia
1788 4934 1873 4993 nulla

168 5017 272 5088 stolus,
284 5016 385 5074 volens
397 5018 550 5073 ostendere
561 5018 685 5074 duorum
698 5018 850 5074 hominum
862 5020 994 5076 differen-
1046 5027 1143 5094 potest
1156 5038 1219 5077 esse
1227 5020 1410 5093 justificatio,
1421 5020 1477 5077 nisi
1489 5037 1540 5093 per
1547 5020 1694 5078 Christum
1705 5039 1711 5091 ;
1725 5022 1789 5079 ideo
1801 5038 1872 5081 cum

166 5107 249 5177 tiam,
258 5108 286 5162 id
298 5112 351 5174 est,
360 5106 448 5178 primi
459 5107 537 5177 Adra,
546 5106 596 5178 qui
609 5112 653 5162 eet
663 5112 750 5180 caput
761 5113 866 5165 nostrus
877 5109 990 5177 mortis,
1047 5109 1169 5166 dixisset
1185 5128 1191 5164 :
1218 5112 1258 5166 ltu
1274 5114 1299 5165 et
1313 5111 1405 5181 gratia
1419 5115 1511 5181 regnet
1526 5126 1577 5178 per·
1585 5112 1726 5181 justitiam
1740 5114 1770 5167 in
1784 5115 1873 5169 uitam

166 5199 197 5251 et
210 5195 343 5264 secundi,
361 5195 411 5266 qui
427 5198 472 5250 est
486 5200 574 5267 caput
590 5201 694 5253 nostrae
710 5195 826 5263 salutis,
843 5197 884 5252 ait
899 5213 905 5253 ε
921 5200 992 5253 sicut
1045 5202 1187 5265 utcmam,
1199 5197 1322 5270 adjecit:
1338 5213 1392 5271 per
1404 5203 1501 5257 besum
1511 5197 1651 5254 Christum
1662 5201 1807 5257 Dominum
1820 5217 1874 5259 no·

202 5390 276 5460 (sol)
291 5390 355 5446 Heu
371 5392 470 5462 verba,
481 5390 524 5446 vel
540 5389 647 5447 similia
657 5389 817 5446 desiderari
833 5389 987 5449 videntur:
1045 5393 1143 5457 dueta,
1156 5409 1306 5465 perperam
1319 5393 1426 5466 scripta
1437 5393 1528 5449 tuisse
1543 5393 1685 5451 innuitur.
1697 5395 1756 5452 Nos
1768 5392 1868 5455 autam

166 5461 208 5515 itu
221 5464 324 5530 prwtrr
338 5464 420 5517 istam
434 5463 529 5517 uultus
542 5465 628 5530 iustus
643 5460 731 5526 bomo,
748 5464 781 5517 ut
795 5477 900 5519 sensus
914 5465 990 5521 vide·
1044 5465 1167 5535 proprias
1184 5465 1243 5520 sedi
1260 5465 1441 5521 restituenda
1454 5465 1633 5520 censuimus.

167 5531 233 5586 licet
251 5533 455 5602 perlectionem
470 5534 612 5606 acquirat,
1080 5534 1153 5604 (206)
1169 5536 1254 5609 vulg.
1271 5536 1407 5592 delictum.
1426 5536 1577 5594 Nonnulle
1599 5546 1696 5592 autem
1721 5538 1867 5597 editiones

204 5605 278 5674 (205)
293 5603 533 5676 Verbataturi....
547 5609 600 5661 tem
619 5603 885 5676 crtaattquaspost
896 5603 989 5662 lineas
1043 5621 1110 5662 eum
1127 5611 1225 5681 autog.
1241 5607 1438 5664 consentiunt.

160 5673 316 5743 leguntur,
332 5682 361 5732 et
381 5677 466 5748 siguo
480 5621 694 5750 expuuciionis,
712 5674 810 5748 idest,
826 5675 904 5734 linea
918 5677 988 5736 sub-
