3908 6096
25 238 55 285 ³
121 275 181 337 ors
632 270 802 332 aaronis
824 270 1117 334 vunouuunnsrs
1140 270 1315 335 oniscon
1769 277 1829 340 ore

123 409 254 478 cupnrct,
266 407 298 458 ut
312 417 378 457 cum
390 400 479 473 hujus
495 402 719 458 asseverationis
732 418 881 459 sermones
896 418 945 457 au·
959 405 987 470 Α
1001 402 1031 457 in
1046 402 1260 476 disputationes
1276 403 1457 475 hujusmodi.
1474 403 1575 462 Pietati
1590 408 1693 462 autmn
1708 421 1830 479 operam

123 497 254 559 diuntur,
280 509 297 546 a
321 491 436 546 diaholo
459 493 622 562 composita
650 509 714 548 esse
738 493 870 548 doctrina
885 491 947 547 hac
1001 492 1830 569 dandamcommonet,quiagrandcmhabetprotectum.

123 583 257 646 sciretur,
269 596 359 653 quam
374 580 680 651 praedixeratSpiritus
694 585 823 649 sanctus,
836 581 946 653 quade
1001 581 1053 645 Oui
1070 582 1148 637 enim
1169 581 1376 638 misericordiae
1398 582 1518 639 student
1540 581 1720 652 senioribus,
1735 583 1831 641 vicem

120 669 321 726 incarnatione
344 667 502 723 salvatoris
527 668 728 738 essentiales,
743 686 806 741 quae
822 669 945 724 nuncin
1001 668 1155 726 reddentes
1166 670 1386 743 parentibus,et
1396 670 1425 726 in
1437 672 1573 743 presenti
1583 671 1644 729 vita
1655 671 1833 731 auxilisllei

122 758 314 822 Marcionitis,
325 755 460 827 quamvis
474 773 548 827 pene
569 757 792 828 deiecerin1,vel
811 757 945 813 Patritia-
1001 775 1059 813 non
1076 759 1200 814 deerunt
1213 757 1282 826 illis,
1296 764 1325 815 et
1349 759 1378 815 in
1392 759 1489 816 futuro
1504 759 1768 817 immortalitatem
1783 760 1833 818 hs·

122 849 168 904 nis
179 847 281 918 (1305),
298 849 349 900 aut
359 843 484 900 maxime
495 845 523 899 in
537 844 704 901 Manichacis
719 845 895 902 denotatur?
911 844 945 901 Hi
999 846 1111 902 bebunt
1124 863 1191 903 cum
1208 847 1309 919 gloria.
1321 847 1498 904 Exercitium
1510 853 1610 904 autem
1624 848 1785 922 corporata
1799 851 1833 909 ad

121 937 200 993 enim
215 939 244 991 et
257 933 405 989 Christum
421 937 523 989 natum
539 939 657 1005 negant,
673 939 702 989 et
715 935 834 1006 nuptias
850 934 946 1006 prohl·
1000 935 1149 991 modicum
1166 935 1236 991 utile
1250 935 1332 991 dicit.
1347 935 1486 1007 Jejunare
1500 936 1590 1004 enim,
1604 941 1634 993 et
1649 936 1833 997 abstineres

121 1026 201 1092 bent,
213 1027 241 1078 et
255 1021 461 1078 abstinendum
477 1021 581 1077 scibis
592 1023 722 1078 tradunt.
735 1025 864 1087 Quorum
877 1039 943 1078 cau·
999 1023 1083 1090 cibis,
1101 1028 1237 1080 manente
1260 1023 1433 1080 auctoritate
1444 1025 1597 1094 creatoris,
1614 1042 1676 1082 non
1702 1026 1833 1085 multum

121 1113 256 1169 terietam
281 1109 352 1166 dicit
375 1109 596 1177 conscientiam,
612 1109 666 1166 hoc
690 1115 734 1167 est
758 1112 945 1167 simulatione
999 1112 1129 1183 prodest,
1142 1113 1199 1168 nisi
1215 1117 1247 1168 ut
1258 1114 1344 1169 detur
1358 1112 1427 1168 huic
1441 1112 1544 1185 piatas,
1556 1114 1752 1188 cujusopera
1761 1115 1835 1173 mul·

121 1205 298 1273 corruptam,
311 1199 381 1269 quia
395 1198 472 1254 sicut
482 1199 644 1253 cauterium
657 1199 768 1256 corium
784 1200 945 1273 corrumpit
1000 1204 1095 1255 torum
1111 1201 1248 1272 precibus
1263 1201 1421 1273 adjuvatur
1435 1201 1470 1256 ad
1484 1201 1643 1259 Dominum
1662 1219 1834 1276 promeren-

121 1294 263 1346 etnotam
285 1286 863 1360 infligit,itaetlallaciaconscientiam,
881 1305 945 1361 quaa
999 1289 1080 1344 dum.
1103 1289 1232 1361 Denique
1261 1288 1338 1361 illos,
1355 1290 1405 1363 qui
1433 1291 1572 1347 tratribus
1596 1289 1674 1364 largi
1704 1294 1834 1365 suntet

122 1374 407 1434 dolomalavolentie
420 1374 499 1429 aliud
511 1376 576 1445 scit,
587 1381 616 1431 et
628 1375 706 1431 aliud
719 1378 881 1449 profitetur,
894 1379 942 1434 de·
998 1378 1086 1433 variis
1102 1377 1197 1434 titulis
1212 1378 1416 1450 obsequentes,
1432 1379 1463 1435 iu
1477 1378 1567 1435 vitam
1582 1382 1730 1438 sternam
1748 1382 1833 1456 proil-

123 1473 205 1524 notat
220 1467 256 1522 ad
271 1464 475 1537 perditionem.
487 1463 552 1519 Jam
567 1465 645 1521 enirn
660 1464 810 1521 immutari
825 1465 878 1523 hos
894 1483 944 1523 ne·
998 1481 1063 1522 cers
1077 1466 1268 1539 Evangelicus
1283 1483 1380 1524 sermo
1395 1471 1537 1536 testatur;
1553 1467 1773 1527 dissentientes
1787 1488 1834 1528 aa·

121 1550 714 1628 gat,utsalventur,quiasicutcauterium
725 1554 875 1611 immutari
886 1572 943 1611 non
998 1558 1058 1610 tem
1073 1555 1109 1611 ab
1126 1554 1180 1611 hoc
1195 1571 1292 1627 opere,
1303 1556 1333 1611 in
1344 1559 1486 1612 aternum
1497 1556 1608 1629 ignem.
1619 1557 1769 1628 Corporis
1783 1574 1832 1616 au·

122 1648 228 1717 potest,
241 1642 282 1697 ita
294 1656 347 1696 nec
359 1656 459 1697 eorum
470 1640 587 1697 animus
597 1643 762 1709 emendari3
779 1642 853 1699 nihil
864 1644 943 1700 enim
998 1648 1057 1699 tam
1073 1643 1242 1699 exercitium
1259 1644 1332 1700 nihil
1345 1644 1426 1700 aliud
1437 1661 1528 1717 quam
1538 1645 1638 1703 carnis
1648 1646 1740 1703 irena
1753 1651 1831 1704 suat.

121 1734 206 1805 pejus
230 1729 427 1787 simulatione.
443 1729 528 1786 'iales
550 1730 629 1786 enim
654 1731 681 1784 bi
707 1734 787 1798 sunt,
799 1733 901 1804 quales
916 1737 945 1789 et
998 1732 1110 1805 Siquis
1126 1748 1203 1805 crgo,
1216 1733 1285 1805 quia
1310 1732 1511 1790 misericordia
1525 1749 1636 1807 magna
1651 1751 1703 1792 res
1719 1735 1831 1809 estius

120 1820 213 1878 ludaei
236 1820 288 1888 illi,
305 1818 355 1891 qui
379 1817 576 1891 intelligentes
590 1817 739 1874 Christum
764 1821 813 1876 Dei
839 1822 944 1877 virtute
996 1821 1111 1876 hricum
1124 1825 1221 1876 tamen
1232 1822 1331 1878 carnis
1341 1820 1665 1894 patiatur,hujusmodi
1675 1823 1757 1897 quid
1767 1824 1833 1884 listi

120 1909 244 1984 operari,
253 1910 282 1963 in
291 1907 452 1964 Beelzebub
463 1907 524 1962 hoec
533 1910 568 1962 ab
578 1922 611 1962 eo
622 1909 684 1963 fieri
695 1909 941 1981 dicebant(llottlt.
997 1909 1065 1965 Sine
1082 1909 1170 1965 dubio
1182 1909 1340 1982 vapulabit,
1353 1911 1422 1983 quia
1438 1909 1510 1966 illud
1521 1915 1637 1983 oportet
1647 1911 1729 1984 lieri,
1741 1916 1772 1969 ct
1780 1913 1832 1973 hos

119 2017 165 2066 xx,
177 1999 226 2066 at;
238 1998 319 2053 llere.
332 2014 373 2064 111,
386 1996 434 2064 22;
446 1999 510 2052 buc.
522 2012 561 2062 ιιι,
575 1997 629 2067 15).
641 1996 678 2052 Ut
689 2000 767 2053 enim
780 1999 943 2055 Fabricato·
998 1997 1119 2054 minima
1130 1998 1323 2071 praetermitti.
1337 1999 1367 2055 Si
1383 2005 1480 2056 autem
1502 1998 1598 2055 solum
1623 1999 1767 2073 corporis
1780 2001 1831 2059 be·

119 2105 180 2145 rem
197 2085 325 2144 bominis
341 2084 416 2140 male
436 2089 569 2152 tractent,
587 2102 654 2141 cum
670 2091 755 2142 natos
771 2104 802 2143 ac
817 2104 874 2144 non
890 2090 941 2144 do·
999 2086 1062 2141 uun
1076 2086 1257 2153 exercitium,
1272 2103 1415 2159 perennes
1431 2102 1531 2159 peenas
1546 2087 1691 2160 patietur,
1710 2088 1829 2148 sicutin

118 2177 206 2243 leant,
223 2175 340 2247 nuptias
356 2178 454 2229 teman
470 2172 636 2246 prohibent,
649 2182 677 2230 et
692 2176 806 2232 Christo
822 2193 941 2234 carnem
996 2174 1151 2248 Evangelio
1164 2175 1306 2231 Dominus
1317 2174 1495 2248 repromisit.
1503 2174 1604 2232 Omnis
1615 2175 1702 2233 enim
1715 2193 1829 2236 summa

119 2264 307 2332 subtrahunt,
324 2268 352 2317 et
366 2267 400 2316 ut
414 2261 450 2317 ad
472 2263 535 2333 ejus
559 2261 699 2333 injuriam
725 2265 888 2336 proficiant,
905 2268 940 2323 ob
996 2262 1158 2334 discipline
1175 2269 1281 2319 nostre
1307 2265 1337 2320 in
1359 2263 1559 2321 misericordis
1582 2271 1612 2321 ot
1638 2265 1755 2337 pietate
1777 2271 1828 2325 est

117 2355 249 2425 hisque
266 2352 369 2407 usibus
384 2349 492 2406 nostris
514 2349 653 2417 instituit,
665 2352 873 2408 abstinendum
889 2356 940 2410 do·
996 2351 1081 2406 alind
1099 2357 1195 2408 tamen
1212 2352 1383 2409 exercitium
1403 2352 1533 2425 corporis
1554 2352 1669 2411 habent
1684 2355 1827 2429 carnales,

118 2446 195 2507 cent,
212 2447 245 2497 ut
268 2457 319 2515 per
346 2440 375 2494 id
404 2439 481 2511 quod
497 2438 712 2511 despiciuntur,
729 2441 807 2497 mala
835 2458 898 2498 esse
913 2447 942 2499 et
996 2439 1113 2496 ctaliud
1128 2441 1285 2513 spiritales.
1298 2440 1525 2498 Carnalesenim
1536 2441 1684 2514 saginant
1695 2445 1828 2516 pastibus

119 2532 195 2587 malo
221 2535 340 2585 auctore
367 2528 484 2582 inventa
512 2527 673 2582 videantur.
691 2528 764 2584 Hinc
790 2536 835 2584 est
864 2531 941 2587 unde
995 2529 1132 2583 nutriunt
1151 2529 1826 2604 corporasua,utcelerimotuproticiautsd

117 2618 275 2692 Apostolus
291 2616 390 2671 omnia
404 2632 422 2670 a
436 2620 492 2669 Deo
503 2614 580 2669 bona
596 2615 671 2670 lacta
686 2632 750 2671 esse
766 2618 901 2685 ostendit,
914 2619 940 2674 si
995 2617 1188 2688 perditionem
1198 2642 1205 2686 3
1217 2617 1363 2689 spiritales
1373 2624 1472 2674 autem
1480 2619 1593 2690 Jejunis
1603 2625 1634 2674 et
1645 2621 1826 2679 abstinentis

118 2715 216 2764 tamen
228 2723 295 2761 curn
306 2704 468 2776 gratiarum
480 2704 593 2757 actione
605 2709 770 2759 sumantur.
787 2706 941 2763 immunda
995 2709 1159 2777 temperant
1174 2723 1296 2778 corpora
1318 2724 1383 2778 sua,
1398 2714 1430 2763 ut
1446 2709 1528 2779 pigra
1551 2709 1630 2764 lacta
1654 2709 1741 2766 circa
1753 2710 1823 2767 desi

117 2796 196 2852 enim
211 2797 297 2850 erunt
312 2793 338 2848 ei
362 2791 412 2863 qui
437 2808 495 2847 non
510 2791 611 2847 laudat
636 2792 666 2847 in
691 2792 737 2848 his
763 2795 938 2851 Creatorem.
994 2794 1085 2861 deria,
1096 2795 1215 2866 'possint
1229 2795 1318 2867 digna
1333 2810 1397 2852 csse
1411 2795 1510 2851 lutura
1527 2797 1764 2855 resurrectione.
1780 2799 1824 2854 llis

117 2886 179 2941 Non
197 2882 275 2940 enim
290 2884 414 2954 possunt
437 2879 511 2936 hone
524 2879 568 2935 illi
588 2881 737 2952 prolicere,
753 2883 804 2953 qui
828 2884 869 2938 sic
891 2884 941 2940 illa
994 2883 1072 2938 enim
1089 2887 1207 2954 propter
1225 2899 1307 2955 spem
1333 2884 1461 2939 loturam
1484 2884 1609 2958 castigat
1633 2901 1766 2960 corpus;
1780 2885 1824 2943 ills

116 2972 219 3038 sumit,
236 2975 269 3027 ut
287 2969 362 3025 male
375 2972 478 3025 tractet
492 2970 567 3023 Auc
555 2974 648 3024 orem
663 2985 775 3026 eorum
993 2988 1060 3027 vero
1089 2974 1206 3042 propter
1235 2972 1326 3027 futuri
1355 2972 1587 3044 desperationem
1617 2974 1714 3045 fovet,
1724 2990 1820 3033 curem

153 3066 219 3118 llaec
231 3062 317 3132 ipitor
330 3074 484 3130 proponens
493 3056 638 3128 tratribus,
651 3058 799 3114 bonoseris
814 3061 940 3117 minister
994 3062 1058 3128 ejus
1074 3076 1164 3132 agens
1180 3059 1214 3114 ad
1235 3064 1365 3152 tempus,
1381 3065 1413 3116 ut
1433 3065 1584 3118 moveatur
1597 3062 1691 3120 citius
1707 3065 1746 3122 ad
1764 3080 1822 3138 pm·

118 3151 221 3206 Christi
233 3155 309 3220 lese,
324 3149 463 3204 enutrite
477 3146 568 3202 vertis
581 3146 656 3216 fidei,
667 3155 695 3202 et
703 3149 782 3205 bonae
796 3148 939 3217 doctrines,
956 3138 977 3203 C
997 3149 1134 3205 candum.

116 3256 199 3311 quarn
212 3241 351 3295 assecutus
364 3252 402 3292 es.
415 3235 490 3300 Quid
510 3240 571 3290 tam
595 3252 706 3302 verum,
720 3237 789 3308 quid
805 3242 865 3293 tam
882 3238 940 3294 cla·
1028 3238 1129 3293 Fidelis
1148 3253 1238 3293 senno
1260 3241 1287 3293 et
1307 3238 1383 3293 omni
1397 3239 1551 3310 acceptione
1573 3238 1689 3311 depone.
1727 3244 1767 3299 Ad
1780 3243 1823 3299 ter

117 3346 193 3395 rom,
208 3345 241 3384 ac
256 3326 422 3399 providum,
435 3324 491 3380 nisi
507 3329 540 3378 ut
553 3323 710 3395 discipline
720 3325 906 3382 Christiane
898 3344 941 3382 ιιι·
994 3329 1068 3382 enirn
1085 3326 1254 3393 toleremus,
1265 3330 1292 3382 et
1303 3329 1507 3397 persecutiones
1520 3330 1664 3400 potimur,
1682 3333 1758 3403 peta
1769 3346 1822 3404 spr-

117 3421 254 3487 corrupta
268 3416 451 3481 trudatur,ut
462 3412 575 3466 fruetus
585 3412 650 3481 ejus
666 3413 694 3466 in
708 3429 775 3468 arca
791 3416 941 3470 [lominica
995 3431 1087 3470 remus
1103 3416 1133 3469 in
1147 3415 1233 3470 oram
1247 3417 1351 3478 viuum,
1365 3417 1414 3486 qni
1429 3424 1469 3472 est
1482 3416 1621 3473 salomnis
1634 3422 1769 3477 omnium
1781 3419 1822 3476 ts·

117 3504 221 3560 tortilis
236 3519 268 3559 sc
284 3503 389 3557 llrmus
412 3499 613 3555 collaudetur?
636 3504 696 3555 Hoc
715 3506 770 3570 est,
783 3507 816 3556 ut
841 3503 870 3557 in
894 3503 941 3558 die
994 3505 1112 3572 minens,
1129 3505 1252 3558 aramme
1266 3504 1400 3574 fidetium.
1419 3504 1541 3578 Dignum
1556 3510 1602 3562 est
1619 3506 1725 3579 plane,
1739 3515 1769 3566 at
1780 3522 1822 3566 eo·

113 3592 219 3664 judicii
236 3608 293 3646 non
309 3590 460 3660 reprobus,
472 3593 501 3643 et
516 3587 577 3658 igni
591 3589 809 3645 comburendus
822 3606 941 3647 censea—
995 3597 1077 3662 cepto
1093 3592 1245 3646 terendum
1263 3608 1314 3663 pro
1330 3608 1465 3664 speque
1476 3594 1561 3650 estin
1573 3598 1641 3659 Deo,
1653 3597 1720 3668 pati
1732 3610 1822 3671 perse·

117 3685 175 3737 tur.
191 3681 251 3736 Hoc
274 3677 342 3735 boni
362 3675 490 3732 doctoris
514 3680 559 3731 est
580 3680 668 3746 atque
692 3674 788 3732 idonei
813 3678 941 3734 ministri
994 3681 1137 3744 cotiones,
1148 3679 1218 3750 quia
1233 3679 1263 3734 in
1280 3681 1415 3752 presenti
1431 3680 1490 3736 vita
1510 3697 1578 3754 spes
1593 3682 1711 3742 caduca
1725 3690 1782 3757 est,
1794 3685 1822 3742 is

117 3768 234 3825 Domini
254 3768 325 3823 lesu
340 3765 458 3834 Christi,
470 3764 579 3836 quippe
593 3780 661 3820 cum
676 3765 837 3821 enutritum
862 3766 941 3823 bunc
994 3767 1190 3840 promissione
1214 3773 1312 3823 autom
1328 3768 1390 3834 Dei,
1406 3769 1492 3824 lirma
1514 3775 1602 3842 atque
1619 3773 1751 3831 stabilis.
1762 3774 1822 3848 lpss

117 3859 195 3915 dicat
209 3857 304 3914 verbis
326 3854 404 3921 fidei,
421 3858 449 3910 et
465 3853 546 3909 bona
571 3853 719 3918 doctrine,
736 3870 824 3926 quam
842 3857 879 3910 ab
893 3857 940 3911 in·
994 3860 1039 3913 est
1053 3856 1131 3912 enim
1146 3855 1228 3912 salus
1243 3857 1387 3920 omnium.
1397 3857 1510 3929 quiaex
1525 3859 1598 3930 ipso,
1610 3864 1640 3915 at
1656 3863 1820 3937 peripsum

117 3947 209 4004 tantia
223 3951 392 4003 assecutum
407 3941 486 3997 hunc
506 3941 621 3997 asserit.
638 3942 692 4007 Qui
716 3943 795 3998 enim
818 3944 940 4013 integris
992 3947 1258 4017 vivunt,quentum
1273 3945 1309 4000 ad
1322 3951 1492 4016 presentem
1502 3947 1591 4003 ntem
1606 3951 1750 4023 pertinet,
1760 3967 1820 4009 om·

39 4079 43 4093 ,
117 4037 255 4095 omnibus
270 4034 456 4090 Hebraeorum
480 4028 563 4085 libris
578 4030 711 4086 imbutus
734 4037 807 4103 erut,
822 4037 941 4105 accepta
994 4051 1061 4097 nee;
1077 4039 1222 4105 quantum
1237 4050 1304 4090 vero
1315 4034 1351 4089 ad
1366 4035 1542 4106 promissam
1557 4036 1700 4107 salutem,
1711 4039 1819 4097 tidslss.

117 4127 175 4183 fida
189 4125 348 4198 perlectum
364 4119 432 4176 secit
443 4119 602 4175 doctorem.
993 4122 1240 4195 cognoscentibus
1270 4122 1347 4178 enim
1378 4139 1420 4191 se,
1441 4127 1508 4195 post
1532 4125 1608 4181 hane
1637 4127 1743 4199 vitam,
1760 4144 1820 4202 qus

152 4215 289 4285 Prosonos
303 4216 406 4277 eutem,
422 4216 448 4264 et
461 4208 550 4263 enites
569 4208 681 4278 tutulos
695 4210 795 4278 eoem,
811 4224 940 4266 exercens
994 4217 1087 4267 morte
1099 4210 1305 4279 finitur,alism
1316 4212 1452 4269 daturam
1464 4214 1608 4285 promisit,
1620 4231 1690 4287 que
1705 4217 1820 4275 immor

114 4304 293 4370 temetipsum
306 4301 341 4355 od
353 4301 496 4370 pietatem.
514 4295 668 4367 Corporotir
687 4298 761 4352 enim
779 4301 940 4356 enercitrnio
993 4300 1104 4356 tnlitete
1119 4299 1237 4372 vigebit.
1253 4300 1320 4356 ideo
1335 4315 1404 4373 ergo
1419 4301 1470 4368 ait,
1486 4305 1610 4359 mommo
1622 4305 1763 4376 fidetium.

116 4392 151 4447 ud
166 4391 303 4446 modicum
315 4389 391 4444 utitis
413 4395 469 4449 est;
483 4387 575 4458 pietus
598 4391 690 4439 eutem
704 4384 739 4440 od
752 4388 846 4441 omnio
860 4388 940 4444 utitis
1028 4391 1154 4461 Proeeipe
1167 4388 1237 4456 laec,
1251 4397 1276 4443 et
1298 4389 1371 4445 doce.
1388 4391 1471 4446 Nemo
1480 4390 1655 4460 iuventutern
1664 4397 1746 4451 tuom
1758 4408 1819 4453 cos·

115 4483 166 4546 est,
181 4479 393 4550 promissionem
414 4474 517 4530 tabens
530 4475 594 4528 citae
608 4474 754 4543 presentis
776 4477 803 4528 et
825 4475 939 4544 [adure.
955 4500 979 4564 D
994 4480 1106 4545 emant,
1121 4476 1168 4532 sed
1179 4479 1271 4547 sermo
1285 4482 1341 4533 esto
1360 4477 1493 4549 imitant,
1511 4481 1541 4535 in
1554 4480 1645 4546 onte,
1663 4482 1696 4538 in
1710 4498 1820 4541 mscer-

116 4568 240 4624 Proiana
251 4567 348 4635 verba,
360 4565 482 4620 adversa
496 4560 716 4633 intelliguntur;
734 4561 826 4618 aniles
841 4570 940 4621 autem
994 4569 1111 4632 satione,
1125 4566 1154 4619 in
1170 4566 1295 4634 caritate,
1311 4567 1341 4620 in
1356 4566 1417 4637 fide,
1433 4570 1462 4622 in
1477 4570 1609 4625 castiste.
1626 4569 1819 4641 Timotheus,

116 4656 233 4724 fabular,
248 4655 440 4710 deliramenta
460 4656 529 4707 sunt
543 4654 688 4721 quedam.
709 4649 774 4706 Haee
798 4668 939 4722 quorum·
994 4659 1136 4726 quantum
1153 4653 1189 4708 ad
1204 4657 1319 4709 oetatem
1345 4655 1478 4726 pertinet,
1490 4656 1608 4727 juvenis
1629 4665 1711 4729 erat;
1728 4678 1818 4734 quan·

117 4745 184 4799 dam
196 4738 673 4816 perstrepentiumvocibussolent
683 4738 712 4793 in
724 4741 938 4798 contentionem
993 4749 1057 4798 tum
1073 4742 1109 4798 ad
1126 4757 1222 4797 mores
1236 4746 1266 4796 et
1279 4744 1540 4813 conversationem,
1554 4745 1652 4803 senior
1668 4753 1699 4804 et
1712 4751 1818 4823 gravis.

117 4831 368 4903 deduci,utquasi
380 4833 521 4886 tractatus
531 4828 673 4883 habeatur
684 4828 725 4883 rei
736 4828 939 4900 inanis,cujus
993 4835 1083 4898 Quem
1099 4831 1163 4885 ideo
1178 4828 1219 4884 sic
1235 4835 1344 4896 monet,
1356 4837 1387 4886 ut
1409 4832 1558 4904 profectus
1572 4836 1636 4906 ejus
1654 4852 1708 4908 per
1721 4839 1819 4897 omnls

116 4923 238 4979 effectus
253 4919 354 4976 nullus
369 4922 423 4989 est,
438 4917 494 4974 nisi
508 4917 654 4973 vanitatis.
666 4918 708 4972 Ab
724 4916 861 4990 biserga,
875 4936 939 4991 que
992 4919 1158 4991 exemplum
1184 4924 1262 4974 esset
1285 4921 1428 4976 bonorum
1453 4938 1584 4993 operum,
1610 4928 1643 4979 ut
1667 4925 1700 4982 iu
1725 4926 1818 4985 aduls-

39 5057 42 5062 .
117 5010 349 5077 contrariasunt,
372 5006 580 5064 declinandum
591 5004 940 5064 monet:similimodoet
994 5022 1092 5065 scente
1107 5006 1250 5063 mirabilis
1268 5008 1414 5064 videretur
1437 5015 1466 5065 ct
1489 5011 1585 5084 gravis
1600 5012 1773 5087 disciplina,
1788 5016 1818 5072 ut

116 5101 152 5157 ab
168 5100 237 5167 illis,
249 5115 313 5171 que
334 5096 424 5153 anilia
444 5099 523 5162 sunt,
535 5095 663 5150 vanitate
677 5094 805 5166 quadam
821 5111 938 5168 compo·
993 5102 1076 5154 actus
1087 5098 1151 5168 ejus
1161 5100 1333 5151 excusarent
1343 5102 1466 5166 atatem,
1477 5104 1506 5155 et
1516 5115 1574 5155 non
1587 5101 1675 5172 quasi
1687 5102 1817 5175 iuvenis.

117 5189 183 5247 sita.
196 5189 271 5244 Sunt
285 5187 364 5244 enim
379 5184 482 5258 aliqui,
493 5185 542 5258 qui
557 5183 651 5241 calore
666 5183 758 5239 animi
774 5183 894 5241 mittunt
908 5202 939 5242 se
992 5188 1043 5243 sed
1059 5186 1144 5259 quasi
1155 5184 1252 5242 senior
1262 5184 1428 5254 haberetur,
1436 5191 1465 5243 et
1475 5188 1685 5248 erubescerent
1694 5193 1818 5266 maiores

152 5331 243 5401 (1305)
266 5331 300 5385 Hi
327 5332 403 5387 ultra
427 5328 567 5386 saeelum
593 5327 729 5407 quintum
756 5343 813 5382 non
839 5345 939 5402 perve-
994 5347 1057 5384 rum
1084 5327 1118 5383 ad
1144 5326 1430 5398 Thessalonicenses,
1453 5335 1481 5386 et
1504 5331 1539 5387 ad
1564 5332 1818 5393 Timotheumex·

118 5417 195 5466 nero,
217 5405 291 5458 teste
320 5402 380 5476 Phy
383 5402 482 5459 lastrio
511 5407 540 5455 et
567 5399 742 5479 Augustino,
790 5398 818 5453 ui
849 5400 938 5473 huJ'us
994 5400 1152 5480 positiones
1166 5398 1209 5453 vcl
1226 5398 1262 5453 ab
1277 5373 1494 5457 Ambrosiastro
1515 5403 1618 5459 desum
1622 5409 1702 5476 ptaa,
1715 5405 1817 5464 selim

116 5478 202 5526 sectaa
227 5421 418 5544 superstitum
444 5469 622 5529 mentionem
645 5468 766 5524 faciunt.
807 5487 847 5526 arc
871 5489 938 5529 cum
992 5421 1737 5554 terpolationibusrelertseexaliissntiqulorihus.
1747 5476 1818 5539 viss

116 5541 181 5609 aliis
196 5542 423 5619 quamplurimis
438 5544 563 5621 probant
583 5540 637 5600 bas
654 5543 779 5617 quatuor
793 5538 939 5616 llpistola·
994 5541 1205 5618 prelhtionem.
