<?xml version="1.0" encoding="UTF-8"?>
<!DOCTYPE html PUBLIC "-//W3C//DTD XHTML 1.0 Transitional//EN"
    "http://www.w3.org/TR/xhtml1/DTD/xhtml1-transitional.dtd">
<html xmlns="http://www.w3.org/1999/xhtml" xml:lang="en" lang="en">
 <head>
  <title>
</title>
<meta http-equiv="Content-Type" content="text/html;charset=utf-8" />
  <meta name='ocr-system' content='tesseract 3.04.00' />
  <meta name='ocr-capabilities' content='ocr_page ocr_carea ocr_par ocr_line ocrx_word'/>
</head>
<body>
  <div class='ocr_page' id='page_1' title='image "./patrologiaecurs77unkngoog/patrologiaecurs77unkngoog_0228.png"; bbox 0 0 3908 6096; ppageno 0'>
   <div class='ocr_carea' id='block_1_1' title="bbox 107 252 1810 329">
    <p class='ocr_par' dir='ltr' id='par_1_1' title="bbox 107 252 1810 329">
     <span class='ocr_line' id='line_1_1' title="bbox 107 252 1810 329; baseline -0.005 0"><span class='ocrx_word' id='word_1_1' title='bbox 107 272 165 329; x_wconf 78' lang='lat' dir='ltr'>aar</span> <span class='ocrx_word' id='word_1_2' title='bbox 615 252 783 326; x_wconf 76' lang='lat' dir='ltr'>arronis</span> <span class='ocrx_word' id='word_1_3' title='bbox 807 263 1099 327; x_wconf 83' lang='lat' dir='ltr'>vaaemmosrs</span> <span class='ocrx_word' id='word_1_4' title='bbox 1124 263 1299 325; x_wconf 80' lang='lat' dir='ltr'>uersuum</span> <span class='ocrx_word' id='word_1_5' title='bbox 1752 257 1810 320; x_wconf 76' lang='lat' dir='ltr'>aas</span> 
     </span>
    </p>
   </div>
   <div class='ocr_carea' id='block_1_2' title="bbox 107 390 1813 1005">
    <p class='ocr_par' dir='ltr' id='par_1_2' title="bbox 107 390 1813 1005">
     <span class='ocr_line' id='line_1_2' title="bbox 107 390 1813 473; baseline -0.004 -19"><span class='ocrx_word' id='word_1_6' title='bbox 107 399 266 473; x_wconf 91' lang='lat' dir='ltr'>plurimum</span> <span class='ocrx_word' id='word_1_7' title='bbox 275 398 419 456; x_wconf 88' lang='lat' dir='ltr'>sollicitus</span> <span class='ocrx_word' id='word_1_8' title='bbox 429 403 491 455; x_wconf 89' lang='lat' dir='ltr'>erat</span> <span class='ocrx_word' id='word_1_9' title='bbox 502 416 553 472; x_wconf 84' lang='lat' dir='ltr'>pro</span> <span class='ocrx_word' id='word_1_10' title='bbox 564 414 612 454; x_wconf 88' lang='lat' dir='ltr'>eo:</span> <span class='ocrx_word' id='word_1_11' title='bbox 625 399 763 468; x_wconf 89' lang='lat' dir='ltr'>quoniam</span> <span class='ocrx_word' id='word_1_12' title='bbox 775 399 929 471; x_wconf 73' lang='lat' dir='ltr'><strong>ignorabat</strong></span> <span class='ocrx_word' id='word_1_13' title='bbox 943 400 970 465; x_wconf 85' lang='grc' dir='ltr'><strong>Α</strong></span> <span class='ocrx_word' id='word_1_14' title='bbox 985 397 1071 470; x_wconf 83' lang='lat' dir='ltr'>digiis</span> <span class='ocrx_word' id='word_1_15' title='bbox 1083 403 1126 453; x_wconf 85' lang='lat' dir='ltr'>est</span> <span class='ocrx_word' id='word_1_16' title='bbox 1136 390 1677 466; x_wconf 84' lang='lat' dir='ltr'>confirmatum,quinDeusinvisibilis</span> <span class='ocrx_word' id='word_1_17' title='bbox 1690 396 1813 464; x_wconf 85' lang='lat' dir='ltr'>propter</span> 
     </span>
     <span class='ocr_line' id='line_1_3' title="bbox 108 480 1812 561; baseline -0.005 -17"><span class='ocrx_word' id='word_1_18' title='bbox 108 494 206 545; x_wconf 93' lang='lat' dir='ltr'>utrum</span> <span class='ocrx_word' id='word_1_19' title='bbox 223 504 364 561; x_wconf 90' lang='lat' dir='ltr'>prospera</span> <span class='ocrx_word' id='word_1_20' title='bbox 381 489 416 544; x_wconf 91' lang='lat' dir='ltr'>de</span> <span class='ocrx_word' id='word_1_21' title='bbox 432 487 600 554; x_wconf 90' lang='lat' dir='ltr'>Corinthiis,</span> <span class='ocrx_word' id='word_1_22' title='bbox 618 504 654 542; x_wconf 92' lang='lat' dir='ltr'>an</span> <span class='ocrx_word' id='word_1_23' title='bbox 678 489 800 543; x_wconf 88' lang='lat' dir='ltr'>adversa</span> <span class='ocrx_word' id='word_1_24' title='bbox 815 487 932 542; x_wconf 89' lang='lat' dir='ltr'>nuntio·</span> <span class='ocrx_word' id='word_1_25' title='bbox 989 485 1072 558; x_wconf 81' lang='lat' dir='ltr'>signa</span> <span class='ocrx_word' id='word_1_26' title='bbox 1088 491 1115 540; x_wconf 82' lang='lat' dir='ltr'>et</span> <span class='ocrx_word' id='word_1_27' title='bbox 1131 485 1272 558; x_wconf 83' lang='lat' dir='ltr'>prodigia,</span> <span class='ocrx_word' id='word_1_28' title='bbox 1290 484 1323 539; x_wconf 92' lang='lat' dir='ltr'>ad</span> <span class='ocrx_word' id='word_1_29' title='bbox 1342 482 1577 554; x_wconf 79' lang='lat' dir='ltr'>predicationem</span> <span class='ocrx_word' id='word_1_30' title='bbox 1594 497 1695 536; x_wconf 91' lang='lat' dir='ltr'>eorum</span> <span class='ocrx_word' id='word_1_31' title='bbox 1712 480 1812 536; x_wconf 78' lang='lat' dir='ltr'>invisi·</span> 
     </span>
     <span class='ocr_line' id='line_1_4' title="bbox 109 569 1813 644; baseline -0.005 -10"><span class='ocrx_word' id='word_1_32' title='bbox 109 583 161 634; x_wconf 89' lang='lat' dir='ltr'>ret.</span> <span class='ocrx_word' id='word_1_33' title='bbox 178 578 259 643; x_wconf 84' lang='lat' dir='ltr'>Quod</span> <span class='ocrx_word' id='word_1_34' title='bbox 275 583 373 634; x_wconf 89' lang='lat' dir='ltr'>autem</span> <span class='ocrx_word' id='word_1_35' title='bbox 390 578 460 633; x_wconf 92' lang='lat' dir='ltr'>dicit</span> <span class='ocrx_word' id='word_1_36' title='bbox 475 593 482 632; x_wconf 75' lang='grc' dir='ltr'>ε</span> <span class='ocrx_word' id='word_1_37' title='bbox 500 578 531 631; x_wconf 78' lang='lat' dir='ltr'>tt</span> <span class='ocrx_word' id='word_1_38' title='bbox 546 579 644 632; x_wconf 85' lang='lat' dir='ltr'>ostium</span> <span class='ocrx_word' id='word_1_39' title='bbox 659 576 729 631; x_wconf 77' lang='lat' dir='ltr'>milti</span> <span class='ocrx_word' id='word_1_40' title='bbox 743 581 868 644; x_wconf 85' lang='lat' dir='ltr'>apertum</span> <span class='ocrx_word' id='word_1_41' title='bbox 882 580 931 640; x_wconf 86' lang='lat' dir='ltr'>cst,</span> <span class='ocrx_word' id='word_1_42' title='bbox 988 574 1085 629; x_wconf 90' lang='lat' dir='ltr'>bililer</span> <span class='ocrx_word' id='word_1_43' title='bbox 1096 574 1277 630; x_wconf 70' lang='lat' dir='ltr'>credebatur.</span> <span class='ocrx_word' id='word_1_44' title='bbox 1290 576 1323 626; x_wconf 80' lang='lat' dir='ltr'>at</span> <span class='ocrx_word' id='word_1_45' title='bbox 1335 572 1389 626; x_wconf 93' lang='lat' dir='ltr'>hoc</span> <span class='ocrx_word' id='word_1_46' title='bbox 1400 571 1565 640; x_wconf 87' lang='lat' dir='ltr'>sciendum,</span> <span class='ocrx_word' id='word_1_47' title='bbox 1577 569 1646 642; x_wconf 87' lang='lat' dir='ltr'>quia</span> <span class='ocrx_word' id='word_1_48' title='bbox 1659 574 1813 626; x_wconf 87' lang='lat' dir='ltr'>consuetu-</span> 
     </span>
     <span class='ocr_line' id='line_1_5' title="bbox 109 658 1812 737; baseline -0.004 -15"><span class='ocrx_word' id='word_1_49' title='bbox 109 665 177 722; x_wconf 87' lang='lat' dir='ltr'>tulis</span> <span class='ocrx_word' id='word_1_50' title='bbox 187 670 232 724; x_wconf 89' lang='lat' dir='ltr'>est</span> <span class='ocrx_word' id='word_1_51' title='bbox 244 683 360 737; x_wconf 89' lang='lat' dir='ltr'>seusus,</span> <span class='ocrx_word' id='word_1_52' title='bbox 373 665 457 737; x_wconf 83' lang='lat' dir='ltr'>quasi</span> <span class='ocrx_word' id='word_1_53' title='bbox 469 664 591 720; x_wconf 89' lang='lat' dir='ltr'>dixisset</span> <span class='ocrx_word' id='word_1_54' title='bbox 602 665 762 720; x_wconf 87' lang='lat' dir='ltr'>multorum</span> <span class='ocrx_word' id='word_1_55' title='bbox 779 665 932 720; x_wconf 90' lang='lat' dir='ltr'>hominum</span> <span class='ocrx_word' id='word_1_56' title='bbox 988 664 1086 718; x_wconf 90' lang='lat' dir='ltr'>dinem</span> <span class='ocrx_word' id='word_1_57' title='bbox 1101 664 1174 736; x_wconf 85' lang='lat' dir='ltr'>legis</span> <span class='ocrx_word' id='word_1_58' title='bbox 1187 660 1460 733; x_wconf 82' lang='lat' dir='ltr'>servathpostolus:</span> <span class='ocrx_word' id='word_1_59' title='bbox 1471 675 1539 715; x_wconf 91' lang='lat' dir='ltr'>nam</span> <span class='ocrx_word' id='word_1_60' title='bbox 1552 658 1695 732; x_wconf 92' lang='lat' dir='ltr'>quidquid</span> <span class='ocrx_word' id='word_1_61' title='bbox 1709 659 1738 714; x_wconf 91' lang='lat' dir='ltr'>in</span> <span class='ocrx_word' id='word_1_62' title='bbox 1749 658 1812 731; x_wconf 82' lang='lat' dir='ltr'>lege</span> 
     </span>
     <span class='ocr_line' id='line_1_6' title="bbox 111 747 1810 828; baseline -0.003 -17"><span class='ocrx_word' id='word_1_63' title='bbox 111 755 199 812; x_wconf 86' lang='lat' dir='ltr'>corda</span> <span class='ocrx_word' id='word_1_64' title='bbox 210 760 403 828; x_wconf 86' lang='lat' dir='ltr'>parataeruut</span> <span class='ocrx_word' id='word_1_65' title='bbox 415 755 450 810; x_wconf 88' lang='lat' dir='ltr'>ad</span> <span class='ocrx_word' id='word_1_66' title='bbox 465 755 662 810; x_wconf 88' lang='lat' dir='ltr'>eredendum:</span> <span class='ocrx_word' id='word_1_67' title='bbox 679 771 747 809; x_wconf 87' lang='lat' dir='ltr'>nom</span> <span class='ocrx_word' id='word_1_68' title='bbox 761 771 812 826; x_wconf 87' lang='lat' dir='ltr'>per</span> <span class='ocrx_word' id='word_1_69' title='bbox 824 754 932 809; x_wconf 90' lang='lat' dir='ltr'>ostium</span> <span class='ocrx_word' id='word_1_70' title='bbox 988 752 1090 808; x_wconf 87' lang='lat' dir='ltr'>devota</span> <span class='ocrx_word' id='word_1_71' title='bbox 1105 757 1201 807; x_wconf 91' lang='lat' dir='ltr'>mente</span> <span class='ocrx_word' id='word_1_72' title='bbox 1216 751 1399 816; x_wconf 80' lang='lat' dir='ltr'>offerebatur,</span> <span class='ocrx_word' id='word_1_73' title='bbox 1416 749 1446 803; x_wconf 91' lang='lat' dir='ltr'>in</span> <span class='ocrx_word' id='word_1_74' title='bbox 1464 750 1582 804; x_wconf 90' lang='lat' dir='ltr'>odorem</span> <span class='ocrx_word' id='word_1_75' title='bbox 1599 747 1810 806; x_wconf 88' lang='lat' dir='ltr'>suavissimum</span> 
     </span>
     <span class='ocr_line' id='line_1_7' title="bbox 112 837 1808 918; baseline -0.005 -17"><span class='ocrx_word' id='word_1_76' title='bbox 112 845 186 901; x_wconf 86' lang='lat' dir='ltr'>fides</span> <span class='ocrx_word' id='word_1_77' title='bbox 196 846 383 918; x_wconf 81' lang='lat' dir='ltr'>designatur:</span> <span class='ocrx_word' id='word_1_78' title='bbox 399 845 476 899; x_wconf 91' lang='lat' dir='ltr'>unde</span> <span class='ocrx_word' id='word_1_79' title='bbox 487 844 615 900; x_wconf 85' lang='lat' dir='ltr'>loannes</span> <span class='ocrx_word' id='word_1_80' title='bbox 625 843 655 897; x_wconf 91' lang='lat' dir='ltr'>in</span> <span class='ocrx_word' id='word_1_81' title='bbox 666 843 838 916; x_wconf 76' lang='lat' dir='ltr'>Apocalypsi</span> <span class='ocrx_word' id='word_1_82' title='bbox 854 860 860 899; x_wconf 93' lang='lat'>:</span> <span class='ocrx_word' id='word_1_83' title='bbox 875 842 933 898; x_wconf 87' lang='lat' dir='ltr'>Vidi</span> <span class='ocrx_word' id='word_1_84' title='bbox 988 842 1110 897; x_wconf 93' lang='lat' dir='ltr'>Domino</span> <span class='ocrx_word' id='word_1_85' title='bbox 1122 841 1302 897; x_wconf 73' lang='lat' dir='ltr'><strong>adolebatur.</strong></span> <span class='ocrx_word' id='word_1_86' title='bbox 1313 838 1454 895; x_wconf 80' lang='lat' dir='ltr'>Similiter</span> <span class='ocrx_word' id='word_1_87' title='bbox 1469 843 1497 894; x_wconf 88' lang='lat' dir='ltr'>et</span> <span class='ocrx_word' id='word_1_88' title='bbox 1512 838 1590 894; x_wconf 84' lang='lat' dir='ltr'>famu</span> <span class='ocrx_word' id='word_1_89' title='bbox 1605 837 1737 894; x_wconf 90' lang='lat' dir='ltr'>numinis</span> <span class='ocrx_word' id='word_1_90' title='bbox 1751 837 1808 906; x_wconf 89' lang='lat' dir='ltr'>Dei,</span> 
     </span>
     <span class='ocr_line' id='line_1_8' title="bbox 112 924 1810 1005; baseline -0.005 -15"><span class='ocrx_word' id='word_1_91' title='bbox 112 938 214 992; x_wconf 81' lang='lat' dir='ltr'>ostium</span> <span class='ocrx_word' id='word_1_92' title='bbox 237 943 362 1003; x_wconf 81' lang='lat' dir='ltr'>opertum</span> <span class='ocrx_word' id='word_1_93' title='bbox 386 935 415 988; x_wconf 85' lang='lat' dir='ltr'>ia</span> <span class='ocrx_word' id='word_1_94' title='bbox 441 934 507 989; x_wconf 87' lang='lat' dir='ltr'>coelo</span> <span class='ocrx_word' id='word_1_95' title='bbox 533 934 622 1004; x_wconf 80' lang='lat' dir='ltr'>(Apoc.</span> <span class='ocrx_word' id='word_1_96' title='bbox 639 950 676 996; x_wconf 83' lang='lat' dir='ltr'>iv,</span> <span class='ocrx_word' id='word_1_97' title='bbox 694 934 729 1005; x_wconf 87' lang='grc'>1).</span> <span class='ocrx_word' id='word_1_98' title='bbox 755 938 809 988; x_wconf 88' lang='lat' dir='ltr'>Per</span> <span class='ocrx_word' id='word_1_99' title='bbox 827 933 932 988; x_wconf 85' lang='lat' dir='ltr'>coelum</span> <span class='ocrx_word' id='word_1_100' title='bbox 988 948 1052 1003; x_wconf 74' lang='lat' dir='ltr'>quo:</span> <span class='ocrx_word' id='word_1_101' title='bbox 1067 930 1209 986; x_wconf 89' lang='lat' dir='ltr'>aChristo</span> <span class='ocrx_word' id='word_1_102' title='bbox 1220 935 1264 985; x_wconf 90' lang='lat' dir='ltr'>est</span> <span class='ocrx_word' id='word_1_103' title='bbox 1279 928 1474 993; x_wconf 75' lang='lat' dir='ltr'>manifestata,</span> <span class='ocrx_word' id='word_1_104' title='bbox 1486 926 1570 998; x_wconf 89' lang='lat' dir='ltr'>quasi</span> <span class='ocrx_word' id='word_1_105' title='bbox 1586 927 1658 983; x_wconf 93' lang='lat' dir='ltr'>odor</span> <span class='ocrx_word' id='word_1_106' title='bbox 1670 924 1810 982; x_wconf 83' lang='lat' dir='ltr'>suavissi-</span> 
     </span>
    </p>
   </div>
   <div class='ocr_carea' id='block_1_3' title="bbox 14 1016 1810 1093">
    <p class='ocr_par' dir='ltr' id='par_1_3' title="bbox 14 1016 1810 1093">
     <span class='ocr_line' id='line_1_9' title="bbox 14 1016 1810 1093; baseline -0.003 -16"><span class='ocrx_word' id='word_1_107' title='bbox 14 1018 17 1023; x_wconf 52' lang='lat'><em>⁴</em></span> <span class='ocrx_word' id='word_1_108' title='bbox 112 1021 249 1088; x_wconf 80' lang='lat' dir='ltr'>Ecclesia,</span> <span class='ocrx_word' id='word_1_109' title='bbox 260 1036 312 1093; x_wconf 90' lang='lat' dir='ltr'>par</span> <span class='ocrx_word' id='word_1_110' title='bbox 322 1019 431 1075; x_wconf 92' lang='lat' dir='ltr'>ostium</span> <span class='ocrx_word' id='word_1_111' title='bbox 447 1020 519 1075; x_wconf 86' lang='lat' dir='ltr'>fides</span> <span class='ocrx_word' id='word_1_112' title='bbox 530 1020 710 1092; x_wconf 81' lang='lat' dir='ltr'>designatur.</span> <span class='ocrx_word' id='word_1_113' title='bbox 722 1021 840 1076; x_wconf 77' lang='lat' dir='ltr'>Troade</span> <span class='ocrx_word' id='word_1_114' title='bbox 854 1020 932 1076; x_wconf 91' lang='lat' dir='ltr'>enim</span> <span class='ocrx_word' id='word_1_115' title='bbox 988 1037 1055 1074; x_wconf 88' lang='lat' dir='ltr'>mus</span> <span class='ocrx_word' id='word_1_116' title='bbox 1066 1037 1117 1092; x_wconf 88' lang='lat' dir='ltr'>per</span> <span class='ocrx_word' id='word_1_117' title='bbox 1127 1019 1282 1092; x_wconf 79' lang='lat' dir='ltr'>Apostolos</span> <span class='ocrx_word' id='word_1_118' title='bbox 1292 1018 1377 1090; x_wconf 88' lang='lat' dir='ltr'>longe</span> <span class='ocrx_word' id='word_1_119' title='bbox 1388 1017 1503 1088; x_wconf 88' lang='lat' dir='ltr'>lateque</span> <span class='ocrx_word' id='word_1_120' title='bbox 1514 1016 1543 1070; x_wconf 90' lang='lat' dir='ltr'>in</span> <span class='ocrx_word' id='word_1_121' title='bbox 1556 1016 1810 1088; x_wconf 84' lang='lat' dir='ltr'>mundoasperge·</span> 
     </span>
    </p>
   </div>
   <div class='ocr_carea' id='block_1_4' title="bbox 35 1103 1821 5448">
    <p class='ocr_par' dir='ltr' id='par_1_4' title="bbox 35 1103 1821 5448">
     <span class='ocr_line' id='line_1_10' title="bbox 112 1103 1810 1181; baseline -0.003 -16"><span class='ocrx_word' id='word_1_122' title='bbox 112 1108 197 1165; x_wconf 89' lang='lat' dir='ltr'>multi</span> <span class='ocrx_word' id='word_1_123' title='bbox 211 1113 294 1165; x_wconf 91' lang='lat' dir='ltr'>erant</span> <span class='ocrx_word' id='word_1_124' title='bbox 308 1109 401 1180; x_wconf 87' lang='lat' dir='ltr'>parati</span> <span class='ocrx_word' id='word_1_125' title='bbox 419 1110 454 1165; x_wconf 87' lang='lat' dir='ltr'>ad</span> <span class='ocrx_word' id='word_1_126' title='bbox 468 1108 657 1176; x_wconf 88' lang='lat' dir='ltr'>credendum,</span> <span class='ocrx_word' id='word_1_127' title='bbox 671 1109 720 1165; x_wconf 89' lang='lat' dir='ltr'>sed</span> <span class='ocrx_word' id='word_1_128' title='bbox 736 1109 835 1181; x_wconf 88' lang='lat' dir='ltr'>plures</span> <span class='ocrx_word' id='word_1_129' title='bbox 850 1112 934 1164; x_wconf 86' lang='lat' dir='ltr'>crant</span> <span class='ocrx_word' id='word_1_130' title='bbox 988 1109 1073 1164; x_wconf 88' lang='lat' dir='ltr'>batur</span> <span class='ocrx_word' id='word_1_131' title='bbox 1096 1113 1124 1163; x_wconf 93' lang='lat' dir='ltr'>et</span> <span class='ocrx_word' id='word_1_132' title='bbox 1146 1108 1319 1180; x_wconf 78' lang='lat' dir='ltr'>respirabat.</span> <span class='ocrx_word' id='word_1_133' title='bbox 1336 1106 1473 1176; x_wconf 85' lang='lat' dir='ltr'>Sequitur</span> <span class='ocrx_word' id='word_1_134' title='bbox 1489 1120 1495 1158; x_wconf 94' lang='lat'>:</span> <span class='ocrx_word' id='word_1_135' title='bbox 1522 1104 1592 1172; x_wconf 80' lang='lat' dir='ltr'>Quia</span> <span class='ocrx_word' id='word_1_136' title='bbox 1608 1103 1713 1159; x_wconf 75' lang='lat' dir='ltr'>Christi</span> <span class='ocrx_word' id='word_1_137' title='bbox 1727 1104 1810 1160; x_wconf 78' lang='lat' dir='ltr'>tonus</span> 
     </span>
     <span class='ocr_line' id='line_1_11' title="bbox 110 1192 1811 1270; baseline -0.004 -17"><span class='ocrx_word' id='word_1_138' title='bbox 110 1198 160 1270; x_wconf 91' lang='lat' dir='ltr'>qui</span> <span class='ocrx_word' id='word_1_139' title='bbox 171 1198 352 1255; x_wconf 89' lang='lat' dir='ltr'>credentium</span> <span class='ocrx_word' id='word_1_140' title='bbox 361 1197 690 1270; x_wconf 69' lang='lat' dir='ltr'>aemulationehpostolo</span> <span class='ocrx_word' id='word_1_141' title='bbox 704 1198 892 1266; x_wconf 77' lang='lat' dir='ltr'>resistebant3</span> <span class='ocrx_word' id='word_1_142' title='bbox 905 1201 933 1253; x_wconf 90' lang='lat' dir='ltr'>et</span> <span class='ocrx_word' id='word_1_143' title='bbox 987 1198 1053 1252; x_wconf 73' lang='lat' dir='ltr'>ridor</span> <span class='ocrx_word' id='word_1_144' title='bbox 1067 1214 1161 1252; x_wconf 74' lang='lat' dir='ltr'>:ramos</span> <span class='ocrx_word' id='word_1_145' title='bbox 1178 1198 1240 1266; x_wconf 88' lang='lat' dir='ltr'>Deo,</span> <span class='ocrx_word' id='word_1_146' title='bbox 1256 1200 1311 1252; x_wconf 91' lang='lat' dir='ltr'>etc.</span> <span class='ocrx_word' id='word_1_147' title='bbox 1328 1194 1389 1265; x_wconf 84' lang='lat' dir='ltr'>llle,</span> <span class='ocrx_word' id='word_1_148' title='bbox 1406 1193 1455 1265; x_wconf 90' lang='lat' dir='ltr'>qui</span> <span class='ocrx_word' id='word_1_149' title='bbox 1478 1193 1551 1248; x_wconf 89' lang='lat' dir='ltr'>bene</span> <span class='ocrx_word' id='word_1_150' title='bbox 1571 1193 1607 1248; x_wconf 91' lang='lat' dir='ltr'>de</span> <span class='ocrx_word' id='word_1_151' title='bbox 1632 1192 1748 1248; x_wconf 90' lang='lat' dir='ltr'>Christo</span> <span class='ocrx_word' id='word_1_152' title='bbox 1764 1210 1811 1248; x_wconf 88' lang='lat' dir='ltr'>as·</span> 
     </span>
     <span class='ocr_line' id='line_1_12' title="bbox 109 1282 1812 1360; baseline -0.001 -19"><span class='ocrx_word' id='word_1_153' title='bbox 109 1287 173 1344; x_wconf 88' lang='lat' dir='ltr'>ideo</span> <span class='ocrx_word' id='word_1_154' title='bbox 189 1288 319 1360; x_wconf 86' lang='lat' dir='ltr'>requiem</span> <span class='ocrx_word' id='word_1_155' title='bbox 336 1304 393 1343; x_wconf 93' lang='lat' dir='ltr'>non</span> <span class='ocrx_word' id='word_1_156' title='bbox 409 1286 521 1353; x_wconf 92' lang='lat' dir='ltr'>habuit,</span> <span class='ocrx_word' id='word_1_157' title='bbox 534 1287 602 1360; x_wconf 87' lang='lat' dir='ltr'>quia</span> <span class='ocrx_word' id='word_1_158' title='bbox 614 1293 772 1359; x_wconf 86' lang='lat' dir='ltr'>utrumque</span> <span class='ocrx_word' id='word_1_159' title='bbox 783 1288 930 1359; x_wconf 82' lang='lat' dir='ltr'>negotium</span> <span class='ocrx_word' id='word_1_160' title='bbox 987 1286 1057 1341; x_wconf 85' lang='lat' dir='ltr'>serit</span> <span class='ocrx_word' id='word_1_161' title='bbox 1075 1290 1103 1341; x_wconf 88' lang='lat' dir='ltr'>et</span> <span class='ocrx_word' id='word_1_162' title='bbox 1117 1285 1216 1351; x_wconf 87' lang='lat' dir='ltr'>sentit,</span> <span class='ocrx_word' id='word_1_163' title='bbox 1232 1283 1337 1340; x_wconf 80' lang='lat' dir='ltr'>Christi</span> <span class='ocrx_word' id='word_1_164' title='bbox 1355 1284 1448 1338; x_wconf 82' lang='lat' dir='ltr'>bonus</span> <span class='ocrx_word' id='word_1_165' title='bbox 1464 1282 1535 1337; x_wconf 93' lang='lat' dir='ltr'>odor</span> <span class='ocrx_word' id='word_1_166' title='bbox 1550 1286 1603 1348; x_wconf 89' lang='lat' dir='ltr'>est,</span> <span class='ocrx_word' id='word_1_167' title='bbox 1621 1290 1678 1337; x_wconf 85' lang='lat' dir='ltr'>tum</span> <span class='ocrx_word' id='word_1_168' title='bbox 1697 1282 1740 1336; x_wconf 76' lang='lat' dir='ltr'>liis</span> <span class='ocrx_word' id='word_1_169' title='bbox 1763 1285 1812 1355; x_wconf 74' lang='lat' dir='ltr'>qai·</span> 
     </span>
     <span class='ocr_line' id='line_1_13' title="bbox 35 1369 1812 1447; baseline -0.002 -16"><span class='ocrx_word' id='word_1_170' title='bbox 35 1413 40 1422; x_wconf 85' lang='lat'>·</span> <span class='ocrx_word' id='word_1_171' title='bbox 107 1376 182 1433; x_wconf 86' lang='lat' dir='ltr'>ferre</span> <span class='ocrx_word' id='word_1_172' title='bbox 197 1393 255 1432; x_wconf 93' lang='lat' dir='ltr'>uon</span> <span class='ocrx_word' id='word_1_173' title='bbox 271 1375 371 1444; x_wconf 89' lang='lat' dir='ltr'>valuit,</span> <span class='ocrx_word' id='word_1_174' title='bbox 388 1376 442 1432; x_wconf 93' lang='lat' dir='ltr'>hoc</span> <span class='ocrx_word' id='word_1_175' title='bbox 457 1379 511 1442; x_wconf 88' lang='lat' dir='ltr'>est,</span> <span class='ocrx_word' id='word_1_176' title='bbox 526 1381 554 1430; x_wconf 91' lang='lat' dir='ltr'>et</span> <span class='ocrx_word' id='word_1_177' title='bbox 578 1392 634 1431; x_wconf 90' lang='lat' dir='ltr'>nou</span> <span class='ocrx_word' id='word_1_178' title='bbox 660 1376 844 1432; x_wconf 85' lang='lat' dir='ltr'>credentibus</span> <span class='ocrx_word' id='word_1_179' title='bbox 860 1375 931 1432; x_wconf 87' lang='lat' dir='ltr'>resi·</span> <span class='ocrx_word' id='word_1_180' title='bbox 985 1376 1057 1430; x_wconf 82' lang='lat' dir='ltr'>solui</span> <span class='ocrx_word' id='word_1_181' title='bbox 1071 1377 1153 1447; x_wconf 75' lang='lat' dir='ltr'>fiunt,</span> <span class='ocrx_word' id='word_1_182' title='bbox 1169 1391 1253 1446; x_wconf 86' lang='lat' dir='ltr'>quom</span> <span class='ocrx_word' id='word_1_183' title='bbox 1268 1378 1293 1428; x_wconf 90' lang='lat' dir='ltr'>et</span> <span class='ocrx_word' id='word_1_184' title='bbox 1311 1373 1354 1428; x_wconf 79' lang='lat' dir='ltr'>hia</span> <span class='ocrx_word' id='word_1_185' title='bbox 1369 1373 1417 1444; x_wconf 83' lang='lat' dir='ltr'>qui</span> <span class='ocrx_word' id='word_1_186' title='bbox 1428 1375 1568 1442; x_wconf 78' lang='lat' dir='ltr'>pereunt:</span> <span class='ocrx_word' id='word_1_187' title='bbox 1584 1371 1635 1441; x_wconf 94' lang='lat' dir='ltr'>qui</span> <span class='ocrx_word' id='word_1_188' title='bbox 1649 1386 1717 1426; x_wconf 89' lang='lat' dir='ltr'>vero</span> <span class='ocrx_word' id='word_1_189' title='bbox 1732 1369 1812 1428; x_wconf 86' lang='lat' dir='ltr'>mala</span> 
     </span>
     <span class='ocr_line' id='line_1_14' title="bbox 107 1460 1810 1537; baseline -0.001 -17"><span class='ocrx_word' id='word_1_190' title='bbox 107 1469 193 1532; x_wconf 85' lang='lat' dir='ltr'>stere,</span> <span class='ocrx_word' id='word_1_191' title='bbox 210 1468 238 1521; x_wconf 91' lang='lat' dir='ltr'>et</span> <span class='ocrx_word' id='word_1_192' title='bbox 262 1466 413 1521; x_wconf 87' lang='lat' dir='ltr'>eredentes</span> <span class='ocrx_word' id='word_1_193' title='bbox 431 1463 460 1519; x_wconf 93' lang='lat' dir='ltr'>in</span> <span class='ocrx_word' id='word_1_194' title='bbox 477 1464 534 1519; x_wconf 85' lang='lat' dir='ltr'>fide</span> <span class='ocrx_word' id='word_1_195' title='bbox 550 1464 734 1520; x_wconf 79' lang='lat' dir='ltr'>confirmare.</span> <span class='ocrx_word' id='word_1_196' title='bbox 751 1464 932 1537; x_wconf 82' lang='lat' dir='ltr'>Quapropter</span> <span class='ocrx_word' id='word_1_197' title='bbox 987 1465 1022 1519; x_wconf 90' lang='lat' dir='ltr'>de</span> <span class='ocrx_word' id='word_1_198' title='bbox 1033 1464 1096 1535; x_wconf 92' lang='lat' dir='ltr'>ipso</span> <span class='ocrx_word' id='word_1_199' title='bbox 1109 1463 1185 1519; x_wconf 89' lang='lat' dir='ltr'>male</span> <span class='ocrx_word' id='word_1_200' title='bbox 1198 1463 1295 1531; x_wconf 90' lang='lat' dir='ltr'>sentit,</span> <span class='ocrx_word' id='word_1_201' title='bbox 1310 1460 1353 1518; x_wconf 92' lang='lat' dir='ltr'>vel</span> <span class='ocrx_word' id='word_1_202' title='bbox 1365 1461 1479 1528; x_wconf 89' lang='lat' dir='ltr'>asserit,</span> <span class='ocrx_word' id='word_1_203' title='bbox 1493 1460 1589 1516; x_wconf 87' lang='lat' dir='ltr'>malus</span> <span class='ocrx_word' id='word_1_204' title='bbox 1599 1461 1671 1516; x_wconf 94' lang='lat' dir='ltr'>odor</span> <span class='ocrx_word' id='word_1_205' title='bbox 1683 1465 1740 1527; x_wconf 86' lang='lat' dir='ltr'>est,</span> <span class='ocrx_word' id='word_1_206' title='bbox 1750 1464 1810 1518; x_wconf 87' lang='lat' dir='ltr'>tam</span> 
     </span>
     <span class='ocr_line' id='line_1_15' title="bbox 107 1548 1811 1624; baseline -0.001 -16"><span class='ocrx_word' id='word_1_207' title='bbox 107 1552 282 1610; x_wconf 80' lang='lat' dir='ltr'>valefaciens</span> <span class='ocrx_word' id='word_1_208' title='bbox 297 1553 499 1618; x_wconf 85' lang='lat' dir='ltr'>credentibus,</span> <span class='ocrx_word' id='word_1_209' title='bbox 515 1551 624 1609; x_wconf 91' lang='lat' dir='ltr'>relictis</span> <span class='ocrx_word' id='word_1_210' title='bbox 639 1551 932 1624; x_wconf 84' lang='lat' dir='ltr'>Troadensibus,sive</span> <span class='ocrx_word' id='word_1_211' title='bbox 986 1553 1173 1608; x_wconf 90' lang='lat' dir='ltr'>credentibus</span> <span class='ocrx_word' id='word_1_212' title='bbox 1184 1569 1272 1624; x_wconf 91' lang='lat' dir='ltr'>quam</span> <span class='ocrx_word' id='word_1_213' title='bbox 1284 1555 1312 1607; x_wconf 88' lang='lat' dir='ltr'>et</span> <span class='ocrx_word' id='word_1_214' title='bbox 1326 1567 1382 1605; x_wconf 93' lang='lat' dir='ltr'>non</span> <span class='ocrx_word' id='word_1_215' title='bbox 1395 1549 1581 1605; x_wconf 88' lang='lat' dir='ltr'>credentibus</span> <span class='ocrx_word' id='word_1_216' title='bbox 1592 1565 1599 1605; x_wconf 75' lang='grc' dir='ltr'><strong><em>ι</em></strong></span> <span class='ocrx_word' id='word_1_217' title='bbox 1612 1548 1811 1621; x_wconf 83' lang='lat' dir='ltr'>credentibus,</span> 
     </span>
     <span class='ocr_line' id='line_1_16' title="bbox 109 1639 1808 1715; baseline 0 -19"><span class='ocrx_word' id='word_1_218' title='bbox 109 1641 254 1714; x_wconf 88' lang='lat' dir='ltr'>Trojunis,</span> <span class='ocrx_word' id='word_1_219' title='bbox 270 1641 417 1715; x_wconf 86' lang='lat' dir='ltr'>proiectus</span> <span class='ocrx_word' id='word_1_220' title='bbox 432 1645 477 1697; x_wconf 92' lang='lat' dir='ltr'>est</span> <span class='ocrx_word' id='word_1_221' title='bbox 492 1640 522 1696; x_wconf 91' lang='lat' dir='ltr'>in</span> <span class='ocrx_word' id='word_1_222' title='bbox 543 1641 754 1707; x_wconf 87' lang='lat' dir='ltr'>Macedoniam,</span> <span class='ocrx_word' id='word_1_223' title='bbox 771 1641 840 1714; x_wconf 90' lang='lat' dir='ltr'>quia</span> <span class='ocrx_word' id='word_1_224' title='bbox 864 1642 930 1698; x_wconf 90' lang='lat' dir='ltr'>iude</span> <span class='ocrx_word' id='word_1_225' title='bbox 986 1642 1056 1714; x_wconf 91' lang='lat' dir='ltr'>quia</span> <span class='ocrx_word' id='word_1_226' title='bbox 1068 1641 1143 1697; x_wconf 89' lang='lat' dir='ltr'>male</span> <span class='ocrx_word' id='word_1_227' title='bbox 1156 1643 1294 1709; x_wconf 86' lang='lat' dir='ltr'>credunt;</span> <span class='ocrx_word' id='word_1_228' title='bbox 1311 1657 1368 1696; x_wconf 93' lang='lat' dir='ltr'>non</span> <span class='ocrx_word' id='word_1_229' title='bbox 1386 1639 1581 1704; x_wconf 90' lang='lat' dir='ltr'>credentibus,</span> <span class='ocrx_word' id='word_1_230' title='bbox 1593 1639 1662 1710; x_wconf 92' lang='lat' dir='ltr'>quia</span> <span class='ocrx_word' id='word_1_231' title='bbox 1678 1655 1737 1694; x_wconf 93' lang='lat' dir='ltr'>uon</span> <span class='ocrx_word' id='word_1_232' title='bbox 1749 1655 1808 1696; x_wconf 85' lang='lat' dir='ltr'>cre·</span> 
     </span>
     <span class='ocr_line' id='line_1_17' title="bbox 107 1728 1809 1803; baseline 0 -17"><span class='ocrx_word' id='word_1_233' title='bbox 107 1736 250 1788; x_wconf 90' lang='lat' dir='ltr'>venturus</span> <span class='ocrx_word' id='word_1_234' title='bbox 262 1730 428 1800; x_wconf 86' lang='lat' dir='ltr'>eratTitus,</span> <span class='ocrx_word' id='word_1_235' title='bbox 439 1734 469 1786; x_wconf 90' lang='lat' dir='ltr'>et</span> <span class='ocrx_word' id='word_1_236' title='bbox 481 1729 546 1802; x_wconf 89' lang='lat' dir='ltr'>ipsa</span> <span class='ocrx_word' id='word_1_237' title='bbox 559 1731 750 1803; x_wconf 86' lang='lat' dir='ltr'>propinquior</span> <span class='ocrx_word' id='word_1_238' title='bbox 762 1735 824 1787; x_wconf 87' lang='lat' dir='ltr'>erat</span> <span class='ocrx_word' id='word_1_239' title='bbox 834 1730 932 1786; x_wconf 89' lang='lat' dir='ltr'>Corin·</span> <span class='ocrx_word' id='word_1_240' title='bbox 986 1731 1114 1786; x_wconf 91' lang='lat' dir='ltr'>dendum</span> <span class='ocrx_word' id='word_1_241' title='bbox 1138 1747 1201 1787; x_wconf 89' lang='lat' dir='ltr'>esse</span> <span class='ocrx_word' id='word_1_242' title='bbox 1225 1729 1401 1801; x_wconf 85' lang='lat' dir='ltr'>intelligunt.</span> <span class='ocrx_word' id='word_1_243' title='bbox 1419 1728 1524 1784; x_wconf 90' lang='lat' dir='ltr'>Dcalus</span> <span class='ocrx_word' id='word_1_244' title='bbox 1543 1744 1611 1783; x_wconf 91' lang='lat' dir='ltr'>vero</span> <span class='ocrx_word' id='word_1_245' title='bbox 1626 1729 1809 1801; x_wconf 79' lang='lat' dir='ltr'>Augustinus</span> 
     </span>
     <span class='ocr_line' id='line_1_18' title="bbox 108 1817 1808 1894; baseline -0.001 -18"><span class='ocrx_word' id='word_1_246' title='bbox 108 1820 170 1876; x_wconf 90' lang='lat' dir='ltr'>tho.</span> <span class='ocrx_word' id='word_1_247' title='bbox 185 1824 258 1876; x_wconf 90' lang='lat' dir='ltr'>Nam</span> <span class='ocrx_word' id='word_1_248' title='bbox 274 1820 351 1894; x_wconf 91' lang='lat' dir='ltr'>quod</span> <span class='ocrx_word' id='word_1_249' title='bbox 368 1820 426 1876; x_wconf 90' lang='lat' dir='ltr'>tale</span> <span class='ocrx_word' id='word_1_250' title='bbox 441 1819 529 1875; x_wconf 82' lang='lat' dir='ltr'>tuerit</span> <span class='ocrx_word' id='word_1_251' title='bbox 543 1821 607 1891; x_wconf 88' lang='lat' dir='ltr'>ejus</span> <span class='ocrx_word' id='word_1_252' title='bbox 623 1819 688 1886; x_wconf 91' lang='lat' dir='ltr'>iter,</span> <span class='ocrx_word' id='word_1_253' title='bbox 703 1819 778 1875; x_wconf 88' lang='lat' dir='ltr'>liber</span> <span class='ocrx_word' id='word_1_254' title='bbox 791 1821 930 1875; x_wconf 81' lang='lat' dir='ltr'>Actorum</span> <span class='ocrx_word' id='word_1_255' title='bbox 985 1819 1056 1874; x_wconf 90' lang='lat' dir='ltr'>dicit</span> <span class='ocrx_word' id='word_1_256' title='bbox 1070 1819 1139 1891; x_wconf 90' lang='lat' dir='ltr'>quiu</span> <span class='ocrx_word' id='word_1_257' title='bbox 1149 1824 1275 1892; x_wconf 88' lang='lat' dir='ltr'>coeperat</span> <span class='ocrx_word' id='word_1_258' title='bbox 1285 1817 1442 1890; x_wconf 73' lang='lat' dir='ltr'>Apostolus</span> <span class='ocrx_word' id='word_1_259' title='bbox 1453 1817 1641 1873; x_wconf 79' lang='lat' dir='ltr'>manifestare</span> <span class='ocrx_word' id='word_1_260' title='bbox 1657 1817 1713 1873; x_wconf 89' lang='lat' dir='ltr'>iter</span> <span class='ocrx_word' id='word_1_261' title='bbox 1723 1834 1808 1874; x_wconf 88' lang='lat' dir='ltr'>suum</span> 
     </span>
     <span class='ocr_line' id='line_1_19' title="bbox 109 1904 1807 1982; baseline -0.001 -17"><span class='ocrx_word' id='word_1_262' title='bbox 109 1909 308 1982; x_wconf 87' lang='lat' dir='ltr'>apostolorum</span> <span class='ocrx_word' id='word_1_263' title='bbox 330 1909 507 1965; x_wconf 80' lang='lat' dir='ltr'>manifestat.</span> <span class='ocrx_word' id='word_1_264' title='bbox 517 1907 592 1964; x_wconf 88' lang='lat' dir='ltr'>Dicit</span> <span class='ocrx_word' id='word_1_265' title='bbox 611 1908 689 1964; x_wconf 89' lang='lat' dir='ltr'>enim</span> <span class='ocrx_word' id='word_1_266' title='bbox 701 1907 780 1981; x_wconf 91' lang='lat' dir='ltr'>quia,</span> <span class='ocrx_word' id='word_1_267' title='bbox 792 1925 859 1964; x_wconf 91' lang='lat' dir='ltr'>cum</span> <span class='ocrx_word' id='word_1_268' title='bbox 871 1926 933 1980; x_wconf 89' lang='lat' dir='ltr'>per·</span> <span class='ocrx_word' id='word_1_269' title='bbox 985 1907 1157 1975; x_wconf 76' lang='lat' dir='ltr'>Corinthiis,</span> <span class='ocrx_word' id='word_1_270' title='bbox 1168 1908 1273 1963; x_wconf 89' lang='lat' dir='ltr'>deinde</span> <span class='ocrx_word' id='word_1_271' title='bbox 1282 1907 1410 1963; x_wconf 88' lang='lat' dir='ltr'>ostendit</span> <span class='ocrx_word' id='word_1_272' title='bbox 1420 1906 1462 1962; x_wconf 90' lang='lat' dir='ltr'>eis</span> <span class='ocrx_word' id='word_1_273' title='bbox 1473 1923 1504 1962; x_wconf 90' lang='lat' dir='ltr'>se</span> <span class='ocrx_word' id='word_1_274' title='bbox 1516 1904 1609 1961; x_wconf 91' lang='lat' dir='ltr'>multa</span> <span class='ocrx_word' id='word_1_275' title='bbox 1619 1922 1807 1979; x_wconf 71' lang='lat' dir='ltr'>perpessum,</span> 
     </span>
     <span class='ocr_line' id='line_1_20' title="bbox 64 1994 1808 2071; baseline -0.001 -17"><span class='ocrx_word' id='word_1_276' title='bbox 64 2003 76 2027; x_wconf 86' lang='lat'><em>⁰</em></span> <span class='ocrx_word' id='word_1_277' title='bbox 109 2001 261 2071; x_wconf 84' lang='lat' dir='ltr'>agrassent</span> <span class='ocrx_word' id='word_1_278' title='bbox 272 1997 555 2070; x_wconf 71' lang='lat' dir='ltr'>lipsiamvenerunt</span> <span class='ocrx_word' id='word_1_279' title='bbox 565 1997 718 2063; x_wconf 88' lang='lat' dir='ltr'>Troadem,</span> <span class='ocrx_word' id='word_1_280' title='bbox 729 2000 782 2052; x_wconf 90' lang='lat' dir='ltr'>etc.</span> <span class='ocrx_word' id='word_1_281' title='bbox 792 1997 860 2068; x_wconf 74' lang='lat' dir='ltr'>(tet.</span> <span class='ocrx_word' id='word_1_282' title='bbox 873 2013 930 2065; x_wconf 88' lang='lat' dir='ltr'>xvr,</span> <span class='ocrx_word' id='word_1_283' title='bbox 986 1997 1090 2053; x_wconf 92' lang='lat' dir='ltr'>deinde</span> <span class='ocrx_word' id='word_1_284' title='bbox 1105 1997 1218 2069; x_wconf 85' lang='lat' dir='ltr'>gratias</span> <span class='ocrx_word' id='word_1_285' title='bbox 1234 1997 1294 2069; x_wconf 87' lang='lat' dir='ltr'>agit</span> <span class='ocrx_word' id='word_1_286' title='bbox 1304 1996 1372 2069; x_wconf 88' lang='lat' dir='ltr'>Deo,</span> <span class='ocrx_word' id='word_1_287' title='bbox 1385 1995 1511 2051; x_wconf 87' lang='lat' dir='ltr'>maxime</span> <span class='ocrx_word' id='word_1_288' title='bbox 1526 1994 1562 2051; x_wconf 93' lang='lat' dir='ltr'>ob</span> <span class='ocrx_word' id='word_1_289' title='bbox 1578 1994 1643 2062; x_wconf 90' lang='lat' dir='ltr'>hoc,</span> <span class='ocrx_word' id='word_1_290' title='bbox 1658 1995 1730 2068; x_wconf 89' lang='lat' dir='ltr'>quia</span> <span class='ocrx_word' id='word_1_291' title='bbox 1744 1996 1808 2052; x_wconf 85' lang='lat' dir='ltr'>talis</span> 
     </span>
     <span class='ocr_line' id='line_1_21' title="bbox 109 2083 1808 2159; baseline -0.002 -15"><span class='ocrx_word' id='word_1_292' title='bbox 109 2089 145 2159; x_wconf 83' lang='lat'>8).</span> <span class='ocrx_word' id='word_1_293' title='bbox 163 2087 335 2143; x_wconf 83' lang='lat' dir='ltr'>Macedonia</span> <span class='ocrx_word' id='word_1_294' title='bbox 348 2102 475 2158; x_wconf 90' lang='lat' dir='ltr'>namque</span> <span class='ocrx_word' id='word_1_295' title='bbox 491 2085 569 2157; x_wconf 80' lang='lat' dir='ltr'>regio</span> <span class='ocrx_word' id='word_1_296' title='bbox 592 2085 646 2142; x_wconf 85' lang='lat' dir='ltr'>luit</span> <span class='ocrx_word' id='word_1_297' title='bbox 661 2085 814 2141; x_wconf 80' lang='lat' dir='ltr'>Alexandri</span> <span class='ocrx_word' id='word_1_298' title='bbox 832 2087 931 2159; x_wconf 83' lang='lat' dir='ltr'>magni</span> <span class='ocrx_word' id='word_1_299' title='bbox 986 2087 1121 2141; x_wconf 87' lang='lat' dir='ltr'>inventus</span> <span class='ocrx_word' id='word_1_300' title='bbox 1132 2090 1229 2154; x_wconf 88' lang='lat' dir='ltr'>est,ut</span> <span class='ocrx_word' id='word_1_301' title='bbox 1240 2086 1302 2157; x_wconf 89' lang='lat' dir='ltr'>ipse</span> <span class='ocrx_word' id='word_1_302' title='bbox 1312 2083 1507 2156; x_wconf 84' lang='lat' dir='ltr'>triumpharet</span> <span class='ocrx_word' id='word_1_303' title='bbox 1517 2100 1583 2141; x_wconf 91' lang='lat' dir='ltr'>eum</span> <span class='ocrx_word' id='word_1_304' title='bbox 1595 2085 1626 2139; x_wconf 92' lang='lat' dir='ltr'>iu</span> <span class='ocrx_word' id='word_1_305' title='bbox 1636 2084 1771 2153; x_wconf 86' lang='lat' dir='ltr'>Christo,</span> <span class='ocrx_word' id='word_1_306' title='bbox 1782 2091 1808 2141; x_wconf 91' lang='lat' dir='ltr'>et</span> 
     </span>
     <span class='ocr_line' id='line_1_22' title="bbox 109 2172 1821 2247; baseline 0 -17"><span class='ocrx_word' id='word_1_307' title='bbox 109 2174 235 2246; x_wconf 93' lang='lat' dir='ltr'>Philippi</span> <span class='ocrx_word' id='word_1_308' title='bbox 251 2173 314 2244; x_wconf 84' lang='lat' dir='ltr'>filii,</span> <span class='ocrx_word' id='word_1_309' title='bbox 330 2191 393 2247; x_wconf 75' lang='lat' dir='ltr'>quor</span> <span class='ocrx_word' id='word_1_310' title='bbox 409 2173 495 2247; x_wconf 88' lang='lat' dir='ltr'>plena</span> <span class='ocrx_word' id='word_1_311' title='bbox 510 2175 601 2229; x_wconf 80' lang='lat' dir='ltr'>fertur</span> <span class='ocrx_word' id='word_1_312' title='bbox 623 2190 688 2230; x_wconf 89' lang='lat' dir='ltr'>esse</span> <span class='ocrx_word' id='word_1_313' title='bbox 711 2175 792 2230; x_wconf 88' lang='lat' dir='ltr'>venis</span> <span class='ocrx_word' id='word_1_314' title='bbox 816 2176 879 2230; x_wconf 88' lang='lat' dir='ltr'>auri</span> <span class='ocrx_word' id='word_1_315' title='bbox 902 2179 932 2231; x_wconf 93' lang='lat' dir='ltr'>et</span> <span class='ocrx_word' id='word_1_316' title='bbox 987 2175 1116 2246; x_wconf 90' lang='lat' dir='ltr'>posthoc</span> <span class='ocrx_word' id='word_1_317' title='bbox 1129 2174 1327 2230; x_wconf 88' lang='lat' dir='ltr'>dicitodorom</span> <span class='ocrx_word' id='word_1_318' title='bbox 1340 2172 1448 2229; x_wconf 86' lang='lat' dir='ltr'>notitiae</span> <span class='ocrx_word' id='word_1_319' title='bbox 1460 2172 1510 2228; x_wconf 91' lang='lat' dir='ltr'>Dei</span> <span class='ocrx_word' id='word_1_320' title='bbox 1522 2189 1573 2244; x_wconf 90' lang='lat' dir='ltr'>per</span> <span class='ocrx_word' id='word_1_321' title='bbox 1584 2173 1821 2237; x_wconf 62' lang='lat' dir='ltr'>somanitestari,</span> 
     </span>
     <span class='ocr_line' id='line_1_23' title="bbox 109 2261 1808 2337; baseline 0 -19"><span class='ocrx_word' id='word_1_322' title='bbox 109 2263 241 2335; x_wconf 82' lang='lat' dir='ltr'>argenti;</span> <span class='ocrx_word' id='word_1_323' title='bbox 257 2262 348 2318; x_wconf 83' lang='lat' dir='ltr'>fertur</span> <span class='ocrx_word' id='word_1_324' title='bbox 363 2267 391 2317; x_wconf 90' lang='lat' dir='ltr'>et</span> <span class='ocrx_word' id='word_1_325' title='bbox 405 2263 435 2316; x_wconf 91' lang='lat' dir='ltr'>in</span> <span class='ocrx_word' id='word_1_326' title='bbox 449 2278 483 2317; x_wconf 90' lang='lat' dir='ltr'>ea</span> <span class='ocrx_word' id='word_1_327' title='bbox 497 2278 561 2318; x_wconf 88' lang='lat' dir='ltr'>esse</span> <span class='ocrx_word' id='word_1_328' title='bbox 577 2278 662 2317; x_wconf 90' lang='lat' dir='ltr'>mons</span> <span class='ocrx_word' id='word_1_329' title='bbox 677 2262 828 2335; x_wconf 81' lang='lat' dir='ltr'>Olympus,</span> <span class='ocrx_word' id='word_1_330' title='bbox 846 2266 931 2335; x_wconf 90' lang='lat' dir='ltr'>cujus</span> <span class='ocrx_word' id='word_1_331' title='bbox 948 2328 954 2337; x_wconf 82' lang='lat'>.</span> <span class='ocrx_word' id='word_1_332' title='bbox 986 2262 1015 2317; x_wconf 90' lang='lat' dir='ltr'>in</span> <span class='ocrx_word' id='word_1_333' title='bbox 1031 2263 1110 2318; x_wconf 91' lang='lat' dir='ltr'>omni</span> <span class='ocrx_word' id='word_1_334' title='bbox 1126 2262 1199 2318; x_wconf 90' lang='lat' dir='ltr'>loco.</span> <span class='ocrx_word' id='word_1_335' title='bbox 1216 2262 1268 2318; x_wconf 91' lang='lat' dir='ltr'>Ubi</span> <span class='ocrx_word' id='word_1_336' title='bbox 1286 2262 1475 2334; x_wconf 81' lang='lat' dir='ltr'>quarendum</span> <span class='ocrx_word' id='word_1_337' title='bbox 1491 2261 1558 2332; x_wconf 90' lang='lat' dir='ltr'>quis</span> <span class='ocrx_word' id='word_1_338' title='bbox 1574 2261 1612 2317; x_wconf 91' lang='lat' dir='ltr'>sit</span> <span class='ocrx_word' id='word_1_339' title='bbox 1633 2261 1691 2318; x_wconf 87' lang='lat' dir='ltr'>ists</span> <span class='ocrx_word' id='word_1_340' title='bbox 1706 2263 1808 2318; x_wconf 88' lang='lat' dir='ltr'>trium·</span> 
     </span>
     <span class='ocr_line' id='line_1_24' title="bbox 109 2350 1807 2425; baseline 0 -17"><span class='ocrx_word' id='word_1_341' title='bbox 109 2352 310 2408; x_wconf 85' lang='lat' dir='ltr'>summitatem</span> <span class='ocrx_word' id='word_1_342' title='bbox 325 2368 378 2407; x_wconf 91' lang='lat' dir='ltr'>neo</span> <span class='ocrx_word' id='word_1_343' title='bbox 397 2351 474 2407; x_wconf 90' lang='lat' dir='ltr'>venti</span> <span class='ocrx_word' id='word_1_344' title='bbox 489 2367 542 2406; x_wconf 90' lang='lat' dir='ltr'>nec</span> <span class='ocrx_word' id='word_1_345' title='bbox 558 2350 662 2423; x_wconf 74' lang='lat' dir='ltr'>pluviae</span> <span class='ocrx_word' id='word_1_346' title='bbox 678 2351 806 2423; x_wconf 90' lang='lat' dir='ltr'>pulsant.</span> <span class='ocrx_word' id='word_1_347' title='bbox 987 2352 1074 2423; x_wconf 88' lang='lat' dir='ltr'>phos,</span> <span class='ocrx_word' id='word_1_348' title='bbox 1086 2350 1129 2406; x_wconf 92' lang='lat' dir='ltr'>vel</span> <span class='ocrx_word' id='word_1_349' title='bbox 1140 2353 1208 2425; x_wconf 88' lang='lat' dir='ltr'>quis</span> <span class='ocrx_word' id='word_1_350' title='bbox 1220 2352 1257 2406; x_wconf 87' lang='lat' dir='ltr'>sit</span> <span class='ocrx_word' id='word_1_351' title='bbox 1269 2352 1324 2407; x_wconf 88' lang='lat' dir='ltr'>iste</span> <span class='ocrx_word' id='word_1_352' title='bbox 1337 2351 1416 2406; x_wconf 94' lang='lat' dir='ltr'>odor.</span> <span class='ocrx_word' id='word_1_353' title='bbox 1431 2355 1488 2405; x_wconf 89' lang='lat' dir='ltr'>tsto</span> <span class='ocrx_word' id='word_1_354' title='bbox 1499 2350 1618 2421; x_wconf 87' lang='lat' dir='ltr'>quidem</span> <span class='ocrx_word' id='word_1_355' title='bbox 1629 2351 1807 2424; x_wconf 90' lang='lat' dir='ltr'>triumphus,</span> 
     </span>
     <span class='ocr_line' id='line_1_25' title="bbox 142 2440 1810 2513; baseline 0 -17"><span class='ocrx_word' id='word_1_356' title='bbox 142 2441 300 2513; x_wconf 88' lang='lat' dir='ltr'>Sequitur:</span> <span class='ocrx_word' id='word_1_357' title='bbox 326 2441 378 2497; x_wconf 84' lang='lat' dir='ltr'>Deo</span> <span class='ocrx_word' id='word_1_358' title='bbox 399 2448 492 2496; x_wconf 84' lang='lat' dir='ltr'>cotem</span> <span class='ocrx_word' id='word_1_359' title='bbox 510 2442 629 2511; x_wconf 74' lang='lat' dir='ltr'>pratici.</span> <span class='ocrx_word' id='word_1_360' title='bbox 646 2440 762 2496; x_wconf 81' lang='lat' dir='ltr'>Dixerat</span> <span class='ocrx_word' id='word_1_361' title='bbox 783 2458 814 2497; x_wconf 88' lang='lat' dir='ltr'>sa</span> <span class='ocrx_word' id='word_1_362' title='bbox 839 2440 933 2498; x_wconf 87' lang='lat' dir='ltr'>multu</span> <span class='ocrx_word' id='word_1_363' title='bbox 987 2441 1046 2496; x_wconf 90' lang='lat' dir='ltr'>sive</span> <span class='ocrx_word' id='word_1_364' title='bbox 1061 2441 1142 2506; x_wconf 92' lang='lat' dir='ltr'>odor,</span> <span class='ocrx_word' id='word_1_365' title='bbox 1154 2440 1274 2495; x_wconf 90' lang='lat' dir='ltr'>victoria</span> <span class='ocrx_word' id='word_1_366' title='bbox 1286 2445 1448 2512; x_wconf 83' lang='lat' dir='ltr'>martyrum</span> <span class='ocrx_word' id='word_1_367' title='bbox 1460 2443 1514 2507; x_wconf 83' lang='lat' dir='ltr'>est,</span> <span class='ocrx_word' id='word_1_368' title='bbox 1526 2443 1555 2494; x_wconf 95' lang='lat' dir='ltr'>et</span> <span class='ocrx_word' id='word_1_369' title='bbox 1570 2440 1683 2495; x_wconf 91' lang='lat' dir='ltr'>cruoris</span> <span class='ocrx_word' id='word_1_370' title='bbox 1695 2440 1810 2512; x_wconf 79' lang='lat' dir='ltr'>effusio,</span> 
     </span>
     <span class='ocr_line' id='line_1_26' title="bbox 109 2526 1809 2603; baseline -0.002 -17"><span class='ocrx_word' id='word_1_371' title='bbox 109 2529 227 2602; x_wconf 91' lang='lat' dir='ltr'>quidem</span> <span class='ocrx_word' id='word_1_372' title='bbox 238 2546 421 2603; x_wconf 92' lang='lat' dir='ltr'>perpessum,</span> <span class='ocrx_word' id='word_1_373' title='bbox 431 2533 459 2585; x_wconf 91' lang='lat' dir='ltr'>et</span> <span class='ocrx_word' id='word_1_374' title='bbox 469 2545 548 2585; x_wconf 91' lang='lat' dir='ltr'>nunc</span> <span class='ocrx_word' id='word_1_375' title='bbox 558 2529 669 2601; x_wconf 83' lang='lat' dir='ltr'>gratias</span> <span class='ocrx_word' id='word_1_376' title='bbox 681 2532 737 2585; x_wconf 89' lang='lat' dir='ltr'>Deo</span> <span class='ocrx_word' id='word_1_377' title='bbox 748 2530 817 2602; x_wconf 83' lang='lat' dir='ltr'>agit.</span> <span class='ocrx_word' id='word_1_378' title='bbox 831 2531 861 2585; x_wconf 93' lang='lat' dir='ltr'>ln</span> <span class='ocrx_word' id='word_1_379' title='bbox 875 2547 932 2603; x_wconf 93' lang='lat' dir='ltr'>quo</span> <span class='ocrx_word' id='word_1_380' title='bbox 986 2534 1014 2584; x_wconf 88' lang='lat' dir='ltr'>et</span> <span class='ocrx_word' id='word_1_381' title='bbox 1023 2528 1154 2600; x_wconf 91' lang='lat' dir='ltr'>ipsorum</span> <span class='ocrx_word' id='word_1_382' title='bbox 1163 2529 1430 2601; x_wconf 84' lang='lat' dir='ltr'>constantia,quam</span> <span class='ocrx_word' id='word_1_383' title='bbox 1440 2528 1510 2583; x_wconf 93' lang='lat' dir='ltr'>dum</span> <span class='ocrx_word' id='word_1_384' title='bbox 1519 2526 1809 2597; x_wconf 80' lang='lat' dir='ltr'>infidelesvidebant,</span> 
     </span>
     <span class='ocr_line' id='line_1_27' title="bbox 108 2616 1809 2689; baseline -0.001 -14"><span class='ocrx_word' id='word_1_385' title='bbox 108 2620 184 2675; x_wconf 85' lang='lat' dir='ltr'>tacto</span> <span class='ocrx_word' id='word_1_386' title='bbox 199 2635 253 2674; x_wconf 89' lang='lat' dir='ltr'>uos</span> <span class='ocrx_word' id='word_1_387' title='bbox 270 2635 433 2687; x_wconf 89' lang='lat' dir='ltr'>monemur,</span> <span class='ocrx_word' id='word_1_388' title='bbox 450 2623 483 2672; x_wconf 91' lang='lat' dir='ltr'>ut</span> <span class='ocrx_word' id='word_1_389' title='bbox 505 2619 541 2674; x_wconf 93' lang='lat' dir='ltr'>de</span> <span class='ocrx_word' id='word_1_390' title='bbox 566 2618 704 2673; x_wconf 90' lang='lat' dir='ltr'>omnibus</span> <span class='ocrx_word' id='word_1_391' title='bbox 724 2623 785 2673; x_wconf 88' lang='lat' dir='ltr'>tam</span> <span class='ocrx_word' id='word_1_392' title='bbox 802 2619 932 2676; x_wconf 89' lang='lat' dir='ltr'>adversis</span> <span class='ocrx_word' id='word_1_393' title='bbox 986 2618 1169 2673; x_wconf 88' lang='lat' dir='ltr'>occasionem</span> <span class='ocrx_word' id='word_1_394' title='bbox 1185 2617 1299 2673; x_wconf 87' lang='lat' dir='ltr'>dicendi</span> <span class='ocrx_word' id='word_1_395' title='bbox 1316 2617 1515 2689; x_wconf 73' lang='lat' dir='ltr'>accipiebant:</span> <span class='ocrx_word' id='word_1_396' title='bbox 1543 2616 1599 2672; x_wconf 93' lang='lat' dir='ltr'>nisi</span> <span class='ocrx_word' id='word_1_397' title='bbox 1616 2633 1714 2673; x_wconf 88' lang='lat' dir='ltr'>verum</span> <span class='ocrx_word' id='word_1_398' title='bbox 1731 2623 1809 2674; x_wconf 87' lang='lat' dir='ltr'>esset</span> 
     </span>
     <span class='ocr_line' id='line_1_28' title="bbox 109 2706 1809 2780; baseline -0.001 -16"><span class='ocrx_word' id='word_1_399' title='bbox 109 2723 197 2779; x_wconf 91' lang='lat' dir='ltr'>quam</span> <span class='ocrx_word' id='word_1_400' title='bbox 209 2706 357 2779; x_wconf 87' lang='lat' dir='ltr'>prosperis</span> <span class='ocrx_word' id='word_1_401' title='bbox 369 2707 478 2779; x_wconf 87' lang='lat' dir='ltr'>gratias</span> <span class='ocrx_word' id='word_1_402' title='bbox 489 2706 546 2762; x_wconf 87' lang='lat' dir='ltr'>Deo</span> <span class='ocrx_word' id='word_1_403' title='bbox 560 2722 692 2779; x_wconf 82' lang='lat' dir='ltr'>agamus.</span> <span class='ocrx_word' id='word_1_404' title='bbox 703 2707 767 2778; x_wconf 78' lang='lat' dir='ltr'>Egit</span> <span class='ocrx_word' id='word_1_405' title='bbox 780 2707 857 2763; x_wconf 85' lang='lat' dir='ltr'>eninr</span> <span class='ocrx_word' id='word_1_406' title='bbox 868 2724 933 2780; x_wconf 80' lang='lat' dir='ltr'>gru·</span> <span class='ocrx_word' id='word_1_407' title='bbox 987 2707 1174 2778; x_wconf 78' lang='lat' dir='ltr'>Evangelium</span> <span class='ocrx_word' id='word_1_408' title='bbox 1184 2706 1302 2774; x_wconf 89' lang='lat' dir='ltr'>Christi,</span> <span class='ocrx_word' id='word_1_409' title='bbox 1314 2722 1501 2778; x_wconf 91' lang='lat' dir='ltr'>nequaquam</span> <span class='ocrx_word' id='word_1_410' title='bbox 1512 2710 1573 2761; x_wconf 91' lang='lat' dir='ltr'>tam</span> <span class='ocrx_word' id='word_1_411' title='bbox 1585 2711 1754 2762; x_wconf 88' lang='lat' dir='ltr'>constantes</span> <span class='ocrx_word' id='word_1_412' title='bbox 1764 2722 1809 2762; x_wconf 88' lang='lat' dir='ltr'>es·</span> 
     </span>
     <span class='ocr_line' id='line_1_29' title="bbox 111 2794 1807 2869; baseline 0.001 -18"><span class='ocrx_word' id='word_1_413' title='bbox 111 2796 167 2852; x_wconf 86' lang='lat' dir='ltr'>tias</span> <span class='ocrx_word' id='word_1_414' title='bbox 177 2800 245 2862; x_wconf 90' lang='lat' dir='ltr'>Deo,</span> <span class='ocrx_word' id='word_1_415' title='bbox 258 2799 290 2850; x_wconf 91' lang='lat' dir='ltr'>ut</span> <span class='ocrx_word' id='word_1_416' title='bbox 299 2794 367 2852; x_wconf 91' lang='lat' dir='ltr'>illos</span> <span class='ocrx_word' id='word_1_417' title='bbox 380 2795 415 2851; x_wconf 89' lang='lat' dir='ltr'>ad</span> <span class='ocrx_word' id='word_1_418' title='bbox 432 2795 624 2850; x_wconf 87' lang='lat' dir='ltr'>imitationem</span> <span class='ocrx_word' id='word_1_419' title='bbox 640 2796 685 2851; x_wconf 90' lang='lat' dir='ltr'>sui</span> <span class='ocrx_word' id='word_1_420' title='bbox 697 2801 875 2868; x_wconf 88' lang='lat' dir='ltr'>provocaret,</span> <span class='ocrx_word' id='word_1_421' title='bbox 887 2797 933 2853; x_wconf 89' lang='lat' dir='ltr'>vel</span> <span class='ocrx_word' id='word_1_422' title='bbox 987 2801 1053 2850; x_wconf 91' lang='lat' dir='ltr'>sent</span> <span class='ocrx_word' id='word_1_423' title='bbox 1063 2795 1091 2850; x_wconf 92' lang='lat' dir='ltr'>in</span> <span class='ocrx_word' id='word_1_424' title='bbox 1105 2795 1355 2868; x_wconf 78' lang='lat' dir='ltr'>martyrio,neque</span> <span class='ocrx_word' id='word_1_425' title='bbox 1365 2799 1513 2851; x_wconf 84' lang='lat' dir='ltr'>tantorum</span> <span class='ocrx_word' id='word_1_426' title='bbox 1523 2795 1677 2857; x_wconf 89' lang='lat' dir='ltr'>bominum</span> <span class='ocrx_word' id='word_1_427' title='bbox 1690 2795 1807 2869; x_wconf 82' lang='lat' dir='ltr'>sanguis</span> 
     </span>
     <span class='ocr_line' id='line_1_30' title="bbox 113 2883 1808 2958; baseline 0.001 -18"><span class='ocrx_word' id='word_1_428' title='bbox 113 2889 147 2941; x_wconf 90' lang='lat' dir='ltr'>ut</span> <span class='ocrx_word' id='word_1_429' title='bbox 168 2900 218 2941; x_wconf 87' lang='lat' dir='ltr'>eos</span> <span class='ocrx_word' id='word_1_430' title='bbox 240 2884 276 2939; x_wconf 88' lang='lat' dir='ltr'>ud</span> <span class='ocrx_word' id='word_1_431' title='bbox 297 2883 397 2957; x_wconf 77' lang='lat' dir='ltr'>prelia</span> <span class='ocrx_word' id='word_1_432' title='bbox 412 2887 548 2939; x_wconf 88' lang='lat' dir='ltr'>armaret.</span> <span class='ocrx_word' id='word_1_433' title='bbox 565 2883 725 2955; x_wconf 89' lang='lat' dir='ltr'>Sequitur:</span> <span class='ocrx_word' id='word_1_434' title='bbox 753 2885 806 2953; x_wconf 82' lang='lat' dir='ltr'>Qui</span> <span class='ocrx_word' id='word_1_435' title='bbox 828 2902 934 2958; x_wconf 83' lang='lat' dir='ltr'>semper</span> <span class='ocrx_word' id='word_1_436' title='bbox 987 2884 1194 2952; x_wconf 82' lang='lat' dir='ltr'>effunderetur,</span> <span class='ocrx_word' id='word_1_437' title='bbox 1207 2900 1302 2954; x_wconf 89' lang='lat' dir='ltr'>neque</span> <span class='ocrx_word' id='word_1_438' title='bbox 1316 2889 1376 2939; x_wconf 91' lang='lat' dir='ltr'>tam</span> <span class='ocrx_word' id='word_1_439' title='bbox 1392 2883 1524 2939; x_wconf 86' lang='lat' dir='ltr'>hilariter</span> <span class='ocrx_word' id='word_1_440' title='bbox 1535 2884 1650 2940; x_wconf 86' lang='lat' dir='ltr'>diversa</span> <span class='ocrx_word' id='word_1_441' title='bbox 1665 2889 1808 2941; x_wconf 81' lang='lat' dir='ltr'>tormenta</span> 
     </span>
     <span class='ocr_line' id='line_1_31' title="bbox 110 2971 1808 3047; baseline -0.001 -17"><span class='ocrx_word' id='word_1_442' title='bbox 110 2973 270 3044; x_wconf 81' lang='lat' dir='ltr'>triumphat</span> <span class='ocrx_word' id='word_1_443' title='bbox 281 2989 330 3029; x_wconf 80' lang='lat' dir='ltr'>nos</span> <span class='ocrx_word' id='word_1_444' title='bbox 340 2974 371 3028; x_wconf 83' lang='lat' dir='ltr'>in</span> <span class='ocrx_word' id='word_1_445' title='bbox 381 2974 487 3031; x_wconf 82' lang='lat' dir='ltr'>Christo</span> <span class='ocrx_word' id='word_1_446' title='bbox 498 2977 575 3030; x_wconf 78' lang='lat' dir='ltr'>iesu.</span> <span class='ocrx_word' id='word_1_447' title='bbox 588 2977 644 3029; x_wconf 90' lang='lat' dir='ltr'>Deo</span> <span class='ocrx_word' id='word_1_448' title='bbox 659 2974 768 3045; x_wconf 89' lang='lat' dir='ltr'>quippe</span> <span class='ocrx_word' id='word_1_449' title='bbox 780 2974 933 3047; x_wconf 82' lang='lat' dir='ltr'>Apostolos</span> <span class='ocrx_word' id='word_1_450' title='bbox 987 2978 1165 3044; x_wconf 88' lang='lat' dir='ltr'>paterentur.</span> <span class='ocrx_word' id='word_1_451' title='bbox 1182 2978 1222 3028; x_wconf 86' lang='lat' dir='ltr'>Ao</span> <span class='ocrx_word' id='word_1_452' title='bbox 1245 2990 1297 3044; x_wconf 92' lang='lat' dir='ltr'>per</span> <span class='ocrx_word' id='word_1_453' title='bbox 1317 2971 1372 3028; x_wconf 92' lang='lat' dir='ltr'>boo</span> <span class='ocrx_word' id='word_1_454' title='bbox 1386 2973 1567 3029; x_wconf 90' lang='lat' dir='ltr'>occasionem</span> <span class='ocrx_word' id='word_1_455' title='bbox 1584 2973 1723 3029; x_wconf 90' lang='lat' dir='ltr'>credendi</span> <span class='ocrx_word' id='word_1_456' title='bbox 1737 2975 1808 3030; x_wconf 82' lang='lat' dir='ltr'>acci·</span> 
     </span>
     <span class='ocr_line' id='line_1_32' title="bbox 115 3061 1808 3135; baseline 0 -15"><span class='ocrx_word' id='word_1_457' title='bbox 115 3065 145 3120; x_wconf 89' lang='lat' dir='ltr'>in</span> <span class='ocrx_word' id='word_1_458' title='bbox 160 3061 276 3120; x_wconf 85' lang='lat' dir='ltr'>Christo</span> <span class='ocrx_word' id='word_1_459' title='bbox 291 3061 474 3135; x_wconf 90' lang='lat' dir='ltr'>triumphare</span> <span class='ocrx_word' id='word_1_460' title='bbox 489 3066 543 3133; x_wconf 90' lang='lat' dir='ltr'>cst,</span> <span class='ocrx_word' id='word_1_461' title='bbox 557 3061 690 3118; x_wconf 90' lang='lat' dir='ltr'>videlicet</span> <span class='ocrx_word' id='word_1_462' title='bbox 704 3061 733 3116; x_wconf 91' lang='lat' dir='ltr'>in</span> <span class='ocrx_word' id='word_1_463' title='bbox 756 3063 812 3119; x_wconf 87' lang='lat' dir='ltr'>fide</span> <span class='ocrx_word' id='word_1_464' title='bbox 828 3063 935 3121; x_wconf 85' lang='lat' dir='ltr'>Christi</span> <span class='ocrx_word' id='word_1_465' title='bbox 988 3063 1118 3134; x_wconf 82' lang='lat' dir='ltr'>piabant,</span> <span class='ocrx_word' id='word_1_466' title='bbox 1130 3063 1256 3117; x_wconf 89' lang='lat' dir='ltr'>maxime</span> <span class='ocrx_word' id='word_1_467' title='bbox 1271 3061 1307 3117; x_wconf 91' lang='lat' dir='ltr'>ob</span> <span class='ocrx_word' id='word_1_468' title='bbox 1324 3061 1389 3133; x_wconf 90' lang='lat' dir='ltr'>hoo,</span> <span class='ocrx_word' id='word_1_469' title='bbox 1401 3062 1470 3134; x_wconf 87' lang='lat' dir='ltr'>quia</span> <span class='ocrx_word' id='word_1_470' title='bbox 1480 3079 1580 3118; x_wconf 90' lang='lat' dir='ltr'>eorum</span> <span class='ocrx_word' id='word_1_471' title='bbox 1595 3063 1741 3120; x_wconf 87' lang='lat' dir='ltr'>consessio</span> <span class='ocrx_word' id='word_1_472' title='bbox 1754 3080 1808 3120; x_wconf 92' lang='lat' dir='ltr'>nou</span> 
     </span>
     <span class='ocr_line' id='line_1_33' title="bbox 114 3142 1813 3224; baseline -0.002 -14"><span class='ocrx_word' id='word_1_473' title='bbox 114 3153 238 3210; x_wconf 90' lang='lat' dir='ltr'>victores</span> <span class='ocrx_word' id='word_1_474' title='bbox 253 3152 383 3212; x_wconf 87' lang='lat' dir='ltr'>reddere.</span> <span class='ocrx_word' id='word_1_475' title='bbox 397 3151 470 3207; x_wconf 91' lang='lat' dir='ltr'>Nom</span> <span class='ocrx_word' id='word_1_476' title='bbox 486 3151 542 3222; x_wconf 91' lang='lat' dir='ltr'>ipsi</span> <span class='ocrx_word' id='word_1_477' title='bbox 557 3151 676 3223; x_wconf 90' lang='lat' dir='ltr'>quidem</span> <span class='ocrx_word' id='word_1_478' title='bbox 691 3167 750 3207; x_wconf 93' lang='lat' dir='ltr'>nou</span> <span class='ocrx_word' id='word_1_479' title='bbox 766 3152 862 3208; x_wconf 93' lang='lat' dir='ltr'>solum</span> <span class='ocrx_word' id='word_1_480' title='bbox 877 3158 936 3211; x_wconf 91' lang='lat' dir='ltr'>tro·</span> <span class='ocrx_word' id='word_1_481' title='bbox 951 3142 974 3206; x_wconf 84' lang='lat' dir='ltr'>C</span> <span class='ocrx_word' id='word_1_482' title='bbox 993 3155 1056 3206; x_wconf 89' lang='lat' dir='ltr'>erat</span> <span class='ocrx_word' id='word_1_483' title='bbox 1069 3149 1204 3218; x_wconf 85' lang='lat' dir='ltr'>delicata,</span> <span class='ocrx_word' id='word_1_484' title='bbox 1220 3167 1278 3206; x_wconf 93' lang='lat' dir='ltr'>non</span> <span class='ocrx_word' id='word_1_485' title='bbox 1294 3149 1404 3206; x_wconf 89' lang='lat' dir='ltr'>deliciis</span> <span class='ocrx_word' id='word_1_486' title='bbox 1420 3151 1554 3218; x_wconf 84' lang='lat' dir='ltr'>affluens,</span> <span class='ocrx_word' id='word_1_487' title='bbox 1571 3153 1621 3207; x_wconf 91' lang='lat' dir='ltr'>sed</span> <span class='ocrx_word' id='word_1_488' title='bbox 1638 3152 1667 3206; x_wconf 92' lang='lat' dir='ltr'>iu</span> <span class='ocrx_word' id='word_1_489' title='bbox 1685 3152 1773 3224; x_wconf 83' lang='lat' dir='ltr'>fame,</span> <span class='ocrx_word' id='word_1_490' title='bbox 1787 3156 1813 3210; x_wconf 90' lang='lat' dir='ltr'>et</span> 
     </span>
     <span class='ocr_line' id='line_1_34' title="bbox 114 3232 1814 3315; baseline 0 -18"><span class='ocrx_word' id='word_1_491' title='bbox 114 3241 280 3315; x_wconf 83' lang='lat' dir='ltr'>paeum,sed</span> <span class='ocrx_word' id='word_1_492' title='bbox 292 3239 514 3313; x_wconf 87' lang='lat' dir='ltr'>ettrinmphum</span> <span class='ocrx_word' id='word_1_493' title='bbox 526 3239 556 3295; x_wconf 93' lang='lat' dir='ltr'>in</span> <span class='ocrx_word' id='word_1_494' title='bbox 567 3241 623 3295; x_wconf 89' lang='lat' dir='ltr'>lide</span> <span class='ocrx_word' id='word_1_495' title='bbox 633 3239 740 3308; x_wconf 83' lang='lat' dir='ltr'>Christi</span> <span class='ocrx_word' id='word_1_496' title='bbox 752 3250 936 3315; x_wconf 88' lang='lat' dir='ltr'>aeceperunt.</span> <span class='ocrx_word' id='word_1_497' title='bbox 993 3239 1052 3305; x_wconf 92' lang='lat' dir='ltr'>siti,</span> <span class='ocrx_word' id='word_1_498' title='bbox 1068 3243 1097 3295; x_wconf 87' lang='lat' dir='ltr'>st</span> <span class='ocrx_word' id='word_1_499' title='bbox 1115 3232 1247 3312; x_wconf 84' lang='lat' dir='ltr'>reliquis.</span> <span class='ocrx_word' id='word_1_500' title='bbox 1263 3240 1368 3312; x_wconf 90' lang='lat' dir='ltr'>Sicque</span> <span class='ocrx_word' id='word_1_501' title='bbox 1382 3239 1470 3296; x_wconf 89' lang='lat' dir='ltr'>etiam</span> <span class='ocrx_word' id='word_1_502' title='bbox 1486 3242 1557 3298; x_wconf 90' lang='lat' dir='ltr'>odor</span> <span class='ocrx_word' id='word_1_503' title='bbox 1572 3240 1683 3296; x_wconf 80' lang='lat' dir='ltr'>notitiae</span> <span class='ocrx_word' id='word_1_504' title='bbox 1699 3240 1751 3298; x_wconf 90' lang='lat' dir='ltr'>Dei</span> <span class='ocrx_word' id='word_1_505' title='bbox 1765 3256 1814 3314; x_wconf 89' lang='lat' dir='ltr'>per</span> 
     </span>
     <span class='ocr_line' id='line_1_35' title="bbox 113 3328 1332 3401; baseline -0.002 -14"><span class='ocrx_word' id='word_1_506' title='bbox 113 3331 189 3388; x_wconf 87' lang='lat' dir='ltr'>Saue</span> <span class='ocrx_word' id='word_1_507' title='bbox 200 3330 353 3385; x_wconf 87' lang='lat' dir='ltr'>sciendum</span> <span class='ocrx_word' id='word_1_508' title='bbox 365 3329 435 3400; x_wconf 90' lang='lat' dir='ltr'>quia</span> <span class='ocrx_word' id='word_1_509' title='bbox 445 3329 522 3400; x_wconf 87' lang='lat' dir='ltr'>apud</span> <span class='ocrx_word' id='word_1_510' title='bbox 534 3328 670 3400; x_wconf 84' lang='lat' dir='ltr'>antiquos</span> <span class='ocrx_word' id='word_1_511' title='bbox 682 3345 788 3401; x_wconf 85' lang='lat' dir='ltr'>magna</span> <span class='ocrx_word' id='word_1_512' title='bbox 798 3331 937 3388; x_wconf 89' lang='lat' dir='ltr'>distantia</span> <span class='ocrx_word' id='word_1_513' title='bbox 993 3329 1137 3384; x_wconf 89' lang='lat' dir='ltr'>mundum</span> <span class='ocrx_word' id='word_1_514' title='bbox 1159 3328 1332 3401; x_wconf 87' lang='lat' dir='ltr'>respirabat.</span> 
     </span>
     <span class='ocr_line' id='line_1_36' title="bbox 113 3417 1814 3492; baseline 0.002 -18"><span class='ocrx_word' id='word_1_515' title='bbox 113 3424 176 3474; x_wconf 89' lang='lat' dir='ltr'>erut</span> <span class='ocrx_word' id='word_1_516' title='bbox 189 3418 265 3474; x_wconf 91' lang='lat' dir='ltr'>inter</span> <span class='ocrx_word' id='word_1_517' title='bbox 281 3421 422 3489; x_wconf 75' lang='lat' dir='ltr'>tropaeum</span> <span class='ocrx_word' id='word_1_518' title='bbox 442 3421 471 3472; x_wconf 88' lang='lat' dir='ltr'>et</span> <span class='ocrx_word' id='word_1_519' title='bbox 495 3417 690 3489; x_wconf 89' lang='lat' dir='ltr'>triumphum.</span> <span class='ocrx_word' id='word_1_520' title='bbox 706 3419 780 3473; x_wconf 91' lang='lat' dir='ltr'>Nam</span> <span class='ocrx_word' id='word_1_521' title='bbox 795 3423 936 3492; x_wconf 84' lang='lat' dir='ltr'>tropaeum</span> <span class='ocrx_word' id='word_1_522' title='bbox 1026 3417 1211 3489; x_wconf 88' lang='lat' dir='ltr'>Verumquia</span> <span class='ocrx_word' id='word_1_523' title='bbox 1221 3417 1814 3492; x_wconf 58' lang='lat' dir='ltr'>poteratquisapostolisobjmeredicens:</span> 
     </span>
     <span class='ocr_line' id='line_1_37' title="bbox 113 3504 1816 3579; baseline 0.002 -17"><span class='ocrx_word' id='word_1_524' title='bbox 113 3504 936 3579; x_wconf 81' lang='lat' dir='ltr'>Graecoverbodiciturabinsectatrone,triumphusvero,</span> <span class='ocrx_word' id='word_1_525' title='bbox 991 3506 1095 3575; x_wconf 84' lang='lat' dir='ltr'>Quare,</span> <span class='ocrx_word' id='word_1_526' title='bbox 1113 3505 1137 3561; x_wconf 91' lang='lat' dir='ltr'>si</span> <span class='ocrx_word' id='word_1_527' title='bbox 1152 3523 1203 3561; x_wconf 89' lang='lat' dir='ltr'>vos</span> <span class='ocrx_word' id='word_1_528' title='bbox 1219 3507 1313 3562; x_wconf 90' lang='lat' dir='ltr'>bonus</span> <span class='ocrx_word' id='word_1_529' title='bbox 1328 3508 1400 3563; x_wconf 91' lang='lat' dir='ltr'>odor</span> <span class='ocrx_word' id='word_1_530' title='bbox 1421 3508 1492 3562; x_wconf 90' lang='lat' dir='ltr'>estis</span> <span class='ocrx_word' id='word_1_531' title='bbox 1517 3508 1546 3562; x_wconf 92' lang='lat' dir='ltr'>in</span> <span class='ocrx_word' id='word_1_532' title='bbox 1570 3509 1652 3563; x_wconf 91' lang='lat' dir='ltr'>omui</span> <span class='ocrx_word' id='word_1_533' title='bbox 1668 3508 1744 3578; x_wconf 93' lang='lat' dir='ltr'>loco,</span> <span class='ocrx_word' id='word_1_534' title='bbox 1760 3525 1816 3566; x_wconf 91' lang='lat' dir='ltr'>nou</span> 
     </span>
     <span class='ocr_line' id='line_1_38' title="bbox 112 3593 1817 3670; baseline 0.002 -20"><span class='ocrx_word' id='word_1_535' title='bbox 112 3594 370 3662; x_wconf 88' lang='lat' dir='ltr'>absxsultatioue;</span> <span class='ocrx_word' id='word_1_536' title='bbox 386 3594 502 3649; x_wconf 89' lang='lat' dir='ltr'>undeet</span> <span class='ocrx_word' id='word_1_537' title='bbox 514 3593 684 3664; x_wconf 90' lang='lat' dir='ltr'>triumphus</span> <span class='ocrx_word' id='word_1_538' title='bbox 696 3594 937 3653; x_wconf 88' lang='lat' dir='ltr'>dieiturexsulta-</span> <span class='ocrx_word' id='word_1_539' title='bbox 991 3610 1093 3649; x_wconf 90' lang='lat' dir='ltr'>omnes</span> <span class='ocrx_word' id='word_1_540' title='bbox 1108 3594 1257 3650; x_wconf 76' lang='lat' dir='ltr'>credunt?</span> <span class='ocrx_word' id='word_1_541' title='bbox 1282 3594 1332 3650; x_wconf 91' lang='lat' dir='ltr'>llle</span> <span class='ocrx_word' id='word_1_542' title='bbox 1361 3613 1427 3651; x_wconf 91' lang='lat' dir='ltr'>vero</span> <span class='ocrx_word' id='word_1_543' title='bbox 1455 3596 1550 3652; x_wconf 89' lang='lat' dir='ltr'>sciens</span> <span class='ocrx_word' id='word_1_544' title='bbox 1573 3596 1627 3652; x_wconf 91' lang='lat' dir='ltr'>hoc</span> <span class='ocrx_word' id='word_1_545' title='bbox 1651 3598 1710 3654; x_wconf 89' lang='lat' dir='ltr'>sibi</span> <span class='ocrx_word' id='word_1_546' title='bbox 1731 3596 1817 3670; x_wconf 85' lang='lat' dir='ltr'>objici</span> 
     </span>
     <span class='ocr_line' id='line_1_39' title="bbox 111 3681 1817 3755; baseline 0.004 -16"><span class='ocrx_word' id='word_1_547' title='bbox 111 3683 164 3751; x_wconf 92' lang='lat' dir='ltr'>tio,</span> <span class='ocrx_word' id='word_1_548' title='bbox 189 3689 219 3740; x_wconf 89' lang='lat' dir='ltr'>st</span> <span class='ocrx_word' id='word_1_549' title='bbox 242 3681 458 3755; x_wconf 86' lang='lat' dir='ltr'>triumphantes</span> <span class='ocrx_word' id='word_1_550' title='bbox 473 3682 548 3755; x_wconf 75' lang='lat' dir='ltr'>(om)</span> <span class='ocrx_word' id='word_1_551' title='bbox 571 3682 761 3738; x_wconf 81' lang='lat' dir='ltr'>exsultantes.</span> <span class='ocrx_word' id='word_1_552' title='bbox 784 3684 814 3739; x_wconf 86' lang='lat' dir='ltr'>Si</span> <span class='ocrx_word' id='word_1_553' title='bbox 838 3691 935 3741; x_wconf 88' lang='lat' dir='ltr'>autern</span> <span class='ocrx_word' id='word_1_554' title='bbox 990 3698 1087 3754; x_wconf 89' lang='lat' dir='ltr'>posse,</span> <span class='ocrx_word' id='word_1_555' title='bbox 1104 3683 1166 3755; x_wconf 90' lang='lat' dir='ltr'>ipse</span> <span class='ocrx_word' id='word_1_556' title='bbox 1182 3683 1238 3738; x_wconf 93' lang='lat' dir='ltr'>sibi</span> <span class='ocrx_word' id='word_1_557' title='bbox 1254 3684 1371 3755; x_wconf 90' lang='lat' dir='ltr'>objecit,</span> <span class='ocrx_word' id='word_1_558' title='bbox 1388 3691 1417 3740; x_wconf 90' lang='lat' dir='ltr'>et</span> <span class='ocrx_word' id='word_1_559' title='bbox 1436 3686 1579 3755; x_wconf 85' lang='lat' dir='ltr'>exposuit,</span> <span class='ocrx_word' id='word_1_560' title='bbox 1595 3686 1721 3743; x_wconf 82' lang='lat' dir='ltr'>dicens:</span> <span class='ocrx_word' id='word_1_561' title='bbox 1749 3689 1817 3745; x_wconf 79' lang='lat' dir='ltr'>Aliis</span> 
     </span>
     <span class='ocr_line' id='line_1_40' title="bbox 111 3771 1814 3847; baseline 0.002 -19"><span class='ocrx_word' id='word_1_562' title='bbox 111 3788 208 3829; x_wconf 88' lang='lat' dir='ltr'>sermo</span> <span class='ocrx_word' id='word_1_563' title='bbox 220 3771 342 3828; x_wconf 85' lang='lat' dir='ltr'>Latinus</span> <span class='ocrx_word' id='word_1_564' title='bbox 351 3776 396 3828; x_wconf 91' lang='lat' dir='ltr'>est</span> <span class='ocrx_word' id='word_1_565' title='bbox 407 3771 584 3843; x_wconf 86' lang='lat' dir='ltr'>triumphus,</span> <span class='ocrx_word' id='word_1_566' title='bbox 597 3777 629 3827; x_wconf 92' lang='lat' dir='ltr'>ut</span> <span class='ocrx_word' id='word_1_567' title='bbox 642 3773 818 3844; x_wconf 88' lang='lat' dir='ltr'>quibusdam</span> <span class='ocrx_word' id='word_1_568' title='bbox 829 3775 935 3847; x_wconf 87' lang='lat' dir='ltr'>placet,</span> <span class='ocrx_word' id='word_1_569' title='bbox 990 3771 1099 3842; x_wconf 79' lang='lat' dir='ltr'>quidem</span> <span class='ocrx_word' id='word_1_570' title='bbox 1112 3772 1177 3827; x_wconf 88' lang='lat' dir='ltr'>odor</span> <span class='ocrx_word' id='word_1_571' title='bbox 1191 3775 1287 3828; x_wconf 82' lang='lat' dir='ltr'>mortis</span> <span class='ocrx_word' id='word_1_572' title='bbox 1301 3776 1332 3827; x_wconf 85' lang='lat' dir='ltr'>io</span> <span class='ocrx_word' id='word_1_573' title='bbox 1345 3780 1471 3844; x_wconf 85' lang='lat' dir='ltr'>mortem,</span> <span class='ocrx_word' id='word_1_574' title='bbox 1483 3781 1538 3829; x_wconf 89' lang='lat' dir='ltr'>etc.</span> <span class='ocrx_word' id='word_1_575' title='bbox 1553 3792 1560 3842; x_wconf 88' lang='grc'>;</span> <span class='ocrx_word' id='word_1_576' title='bbox 1577 3775 1663 3847; x_wconf 88' lang='lat' dir='ltr'>quasi</span> <span class='ocrx_word' id='word_1_577' title='bbox 1679 3776 1814 3832; x_wconf 83' lang='lat' dir='ltr'>dixisset:</span> 
     </span>
     <span class='ocr_line' id='line_1_41' title="bbox 110 3860 1814 3936; baseline 0.002 -18"><span class='ocrx_word' id='word_1_578' title='bbox 110 3877 179 3935; x_wconf 80' lang='lat' dir='ltr'>ergo</span> <span class='ocrx_word' id='word_1_579' title='bbox 202 3879 219 3918; x_wconf 90' lang='lat' dir='ltr'>a</span> <span class='ocrx_word' id='word_1_580' title='bbox 238 3861 334 3918; x_wconf 89' lang='lat' dir='ltr'>tribus</span> <span class='ocrx_word' id='word_1_581' title='bbox 349 3860 507 3933; x_wconf 81' lang='lat' dir='ltr'>generibus</span> <span class='ocrx_word' id='word_1_582' title='bbox 521 3860 643 3916; x_wconf 87' lang='lat' dir='ltr'>laudum</span> <span class='ocrx_word' id='word_1_583' title='bbox 659 3860 778 3930; x_wconf 91' lang='lat' dir='ltr'>dicitur,</span> <span class='ocrx_word' id='word_1_584' title='bbox 794 3864 935 3934; x_wconf 88' lang='lat' dir='ltr'>quoniam</span> <span class='ocrx_word' id='word_1_585' title='bbox 991 3860 1012 3915; x_wconf 91' lang='grc'>0</span> <span class='ocrx_word' id='word_1_586' title='bbox 1029 3860 1181 3928; x_wconf 90' lang='lat' dir='ltr'>Corinthii,</span> <span class='ocrx_word' id='word_1_587' title='bbox 1199 3878 1262 3928; x_wconf 90' lang='lat' dir='ltr'>nos,</span> <span class='ocrx_word' id='word_1_588' title='bbox 1279 3862 1328 3934; x_wconf 93' lang='lat' dir='ltr'>qui</span> <span class='ocrx_word' id='word_1_589' title='bbox 1346 3879 1461 3936; x_wconf 87' lang='lat' dir='ltr'>semper</span> <span class='ocrx_word' id='word_1_590' title='bbox 1482 3863 1578 3919; x_wconf 90' lang='lat' dir='ltr'>bonus</span> <span class='ocrx_word' id='word_1_591' title='bbox 1602 3864 1677 3920; x_wconf 90' lang='lat' dir='ltr'>odor</span> <span class='ocrx_word' id='word_1_592' title='bbox 1700 3882 1814 3933; x_wconf 84' lang='lat' dir='ltr'>sumus,</span> 
     </span>
     <span class='ocr_line' id='line_1_42' title="bbox 109 3948 1814 4023; baseline 0.004 -17"><span class='ocrx_word' id='word_1_593' title='bbox 109 3950 141 4006; x_wconf 93' lang='lat' dir='ltr'>hi</span> <span class='ocrx_word' id='word_1_594' title='bbox 156 3951 207 4023; x_wconf 93' lang='lat' dir='ltr'>qui</span> <span class='ocrx_word' id='word_1_595' title='bbox 223 3949 360 4006; x_wconf 88' lang='lat' dir='ltr'>inimicos</span> <span class='ocrx_word' id='word_1_596' title='bbox 375 3966 433 4006; x_wconf 93' lang='lat' dir='ltr'>nou</span> <span class='ocrx_word' id='word_1_597' title='bbox 450 3948 545 4005; x_wconf 90' lang='lat' dir='ltr'>solum</span> <span class='ocrx_word' id='word_1_598' title='bbox 557 3949 709 4022; x_wconf 78' lang='lat' dir='ltr'>fugabunt,</span> <span class='ocrx_word' id='word_1_599' title='bbox 721 3952 771 4006; x_wconf 86' lang='lat' dir='ltr'>sed</span> <span class='ocrx_word' id='word_1_600' title='bbox 789 3952 877 4007; x_wconf 89' lang='lat' dir='ltr'>etiam</span> <span class='ocrx_word' id='word_1_601' title='bbox 892 3953 936 4008; x_wconf 93' lang='lat' dir='ltr'>in·</span> <span class='ocrx_word' id='word_1_602' title='bbox 990 3950 1054 4005; x_wconf 87' lang='lat' dir='ltr'>otiis</span> <span class='ocrx_word' id='word_1_603' title='bbox 1067 3952 1235 4006; x_wconf 80' lang='lat' dir='ltr'>lomeoottor</span> <span class='ocrx_word' id='word_1_604' title='bbox 1247 3954 1345 4008; x_wconf 85' lang='lat' dir='ltr'>mortis</span> <span class='ocrx_word' id='word_1_605' title='bbox 1358 3955 1388 4006; x_wconf 84' lang='lat' dir='ltr'>in</span> <span class='ocrx_word' id='word_1_606' title='bbox 1402 3954 1814 4023; x_wconf 60' lang='lat' dir='ltr'>aerumnosissimum</span> 
     </span>
     <span class='ocr_line' id='line_1_43' title="bbox 109 4038 1813 4114; baseline 0.004 -19"><span class='ocrx_word' id='word_1_607' title='bbox 109 4038 569 4107; x_wconf 85' lang='lat' dir='ltr'>terimebant,laudsbanturtum</span> <span class='ocrx_word' id='word_1_608' title='bbox 582 4055 598 4094; x_wconf 90' lang='lat' dir='ltr'>a</span> <span class='ocrx_word' id='word_1_609' title='bbox 610 4038 736 4095; x_wconf 91' lang='lat' dir='ltr'>ducibus</span> <span class='ocrx_word' id='word_1_610' title='bbox 745 4055 858 4111; x_wconf 87' lang='lat' dir='ltr'>quamn</span> <span class='ocrx_word' id='word_1_611' title='bbox 869 4056 936 4096; x_wconf 90' lang='lat' dir='ltr'>cou-</span> <span class='ocrx_word' id='word_1_612' title='bbox 988 4039 1055 4094; x_wconf 87' lang='lat' dir='ltr'>odor</span> <span class='ocrx_word' id='word_1_613' title='bbox 1067 4041 1132 4097; x_wconf 74' lang='lat' dir='ltr'>uita:</span> <span class='ocrx_word' id='word_1_614' title='bbox 1145 4042 1175 4095; x_wconf 86' lang='lat' dir='ltr'>iu</span> <span class='ocrx_word' id='word_1_615' title='bbox 1188 4043 1284 4096; x_wconf 84' lang='lat' dir='ltr'>vitum.</span> <span class='ocrx_word' id='word_1_616' title='bbox 1296 4041 1439 4105; x_wconf 82' lang='lat' dir='ltr'>Quoniam</span> <span class='ocrx_word' id='word_1_617' title='bbox 1452 4042 1571 4114; x_wconf 91' lang='lat' dir='ltr'>quidem</span> <span class='ocrx_word' id='word_1_618' title='bbox 1583 4041 1711 4100; x_wconf 91' lang='lat' dir='ltr'>liberum</span> <span class='ocrx_word' id='word_1_619' title='bbox 1721 4043 1813 4101; x_wconf 90' lang='lat' dir='ltr'>homi·</span> 
     </span>
     <span class='ocr_line' id='line_1_44' title="bbox 109 4126 1813 4200; baseline 0.004 -16"><span class='ocrx_word' id='word_1_620' title='bbox 109 4126 236 4194; x_wconf 83' lang='lat' dir='ltr'>solibus,</span> <span class='ocrx_word' id='word_1_621' title='bbox 248 4144 361 4183; x_wconf 88' lang='lat' dir='ltr'>necnon</span> <span class='ocrx_word' id='word_1_622' title='bbox 371 4132 401 4183; x_wconf 92' lang='lat' dir='ltr'>et</span> <span class='ocrx_word' id='word_1_623' title='bbox 415 4145 432 4182; x_wconf 89' lang='lat' dir='ltr'>a</span> <span class='ocrx_word' id='word_1_624' title='bbox 447 4127 551 4200; x_wconf 89' lang='lat' dir='ltr'>plebe:</span> <span class='ocrx_word' id='word_1_625' title='bbox 569 4127 618 4199; x_wconf 91' lang='lat' dir='ltr'>qui</span> <span class='ocrx_word' id='word_1_626' title='bbox 632 4128 721 4183; x_wconf 87' lang='lat' dir='ltr'>etium</span> <span class='ocrx_word' id='word_1_627' title='bbox 736 4128 864 4200; x_wconf 89' lang='lat' dir='ltr'>palmam</span> <span class='ocrx_word' id='word_1_628' title='bbox 881 4146 933 4185; x_wconf 87' lang='lat' dir='ltr'>uu·</span> <span class='ocrx_word' id='word_1_629' title='bbox 989 4129 1077 4183; x_wconf 90' lang='lat' dir='ltr'>uibus</span> <span class='ocrx_word' id='word_1_630' title='bbox 1100 4128 1202 4184; x_wconf 88' lang='lat' dir='ltr'>datum</span> <span class='ocrx_word' id='word_1_631' title='bbox 1226 4134 1271 4186; x_wconf 89' lang='lat' dir='ltr'>est</span> <span class='ocrx_word' id='word_1_632' title='bbox 1295 4130 1461 4198; x_wconf 91' lang='lat' dir='ltr'>arbitrium,</span> <span class='ocrx_word' id='word_1_633' title='bbox 1482 4135 1513 4185; x_wconf 90' lang='lat' dir='ltr'>ut</span> <span class='ocrx_word' id='word_1_634' title='bbox 1537 4131 1647 4187; x_wconf 91' lang='lat' dir='ltr'>bonum</span> <span class='ocrx_word' id='word_1_635' title='bbox 1664 4149 1725 4189; x_wconf 91' lang='lat' dir='ltr'>uon</span> <span class='ocrx_word' id='word_1_636' title='bbox 1739 4135 1813 4190; x_wconf 77' lang='lat' dir='ltr'>essct</span> 
     </span>
     <span class='ocr_line' id='line_1_45' title="bbox 108 4209 1811 4292; baseline 0.005 -21"><span class='ocrx_word' id='word_1_637' title='bbox 108 4231 188 4271; x_wconf 87' lang='lat' dir='ltr'>ream</span> <span class='ocrx_word' id='word_1_638' title='bbox 200 4215 469 4287; x_wconf 87' lang='lat' dir='ltr'>accipiebant,quia</span> <span class='ocrx_word' id='word_1_639' title='bbox 478 4216 756 4287; x_wconf 89' lang='lat' dir='ltr'>plenamviotoriam</span> <span class='ocrx_word' id='word_1_640' title='bbox 769 4218 932 4287; x_wconf 89' lang='lat' dir='ltr'>habehant;</span> <span class='ocrx_word' id='word_1_641' title='bbox 988 4221 1132 4284; x_wconf 84' lang='lat' dir='ltr'>eoactum,</span> <span class='ocrx_word' id='word_1_642' title='bbox 1149 4218 1201 4272; x_wconf 91' lang='lat' dir='ltr'>sed</span> <span class='ocrx_word' id='word_1_643' title='bbox 1216 4209 1434 4287; x_wconf 57' lang='lat' dir='ltr'>voluntariu&#39;m3</span> <span class='ocrx_word' id='word_1_644' title='bbox 1452 4221 1530 4292; x_wconf 90' lang='lat' dir='ltr'>quod</span> <span class='ocrx_word' id='word_1_645' title='bbox 1553 4220 1610 4276; x_wconf 86' lang='lat' dir='ltr'>uisi</span> <span class='ocrx_word' id='word_1_646' title='bbox 1633 4228 1725 4292; x_wconf 89' lang='lat' dir='ltr'>esset,</span> <span class='ocrx_word' id='word_1_647' title='bbox 1746 4238 1811 4290; x_wconf 93' lang='lat' dir='ltr'>nou,</span> 
     </span>
     <span class='ocr_line' id='line_1_46' title="bbox 108 4299 1811 4381; baseline 0.008 -27"><span class='ocrx_word' id='word_1_648' title='bbox 108 4299 151 4354; x_wconf 94' lang='lat' dir='ltr'>illi</span> <span class='ocrx_word' id='word_1_649' title='bbox 167 4305 264 4356; x_wconf 88' lang='lat' dir='ltr'>autem</span> <span class='ocrx_word' id='word_1_650' title='bbox 277 4301 326 4373; x_wconf 92' lang='lat' dir='ltr'>qui</span> <span class='ocrx_word' id='word_1_651' title='bbox 338 4306 489 4372; x_wconf 77' lang='lat' dir='ltr'>tropeum,</span> <span class='ocrx_word' id='word_1_652' title='bbox 504 4302 558 4356; x_wconf 94' lang='lat' dir='ltr'>hoc</span> <span class='ocrx_word' id='word_1_653' title='bbox 573 4307 627 4373; x_wconf 89' lang='lat' dir='ltr'>est,</span> <span class='ocrx_word' id='word_1_654' title='bbox 639 4303 832 4376; x_wconf 87' lang='lat' dir='ltr'>semiplenam</span> <span class='ocrx_word' id='word_1_655' title='bbox 843 4305 932 4363; x_wconf 88' lang='lat' dir='ltr'>vieto·</span> <span class='ocrx_word' id='word_1_656' title='bbox 987 4306 1119 4378; x_wconf 91' lang='lat' dir='ltr'>inquam,</span> <span class='ocrx_word' id='word_1_657' title='bbox 1136 4306 1210 4363; x_wconf 82' lang='lat' dir='ltr'>foret</span> <span class='ocrx_word' id='word_1_658' title='bbox 1224 4308 1298 4380; x_wconf 84' lang='grc'>(698)</span> <span class='ocrx_word' id='word_1_659' title='bbox 1322 4308 1365 4364; x_wconf 92' lang='lat' dir='ltr'>vel</span> <span class='ocrx_word' id='word_1_660' title='bbox 1392 4309 1470 4365; x_wconf 87' lang='lat' dir='ltr'>uude</span> <span class='ocrx_word' id='word_1_661' title='bbox 1485 4310 1553 4365; x_wconf 92' lang='lat' dir='ltr'>boni</span> <span class='ocrx_word' id='word_1_662' title='bbox 1570 4311 1701 4381; x_wconf 77' lang='lat' dir='ltr'>premiis</span> <span class='ocrx_word' id='word_1_663' title='bbox 1716 4327 1811 4368; x_wconf 87' lang='lat' dir='ltr'>remu·</span> 
     </span>
     <span class='ocr_line' id='line_1_47' title="bbox 107 4389 1810 4474; baseline 0.008 -29"><span class='ocrx_word' id='word_1_664' title='bbox 107 4389 182 4446; x_wconf 82' lang='lat' dir='ltr'>rium</span> <span class='ocrx_word' id='word_1_665' title='bbox 195 4389 352 4461; x_wconf 88' lang='lat' dir='ltr'>habebunt,</span> <span class='ocrx_word' id='word_1_666' title='bbox 370 4405 507 4474; x_wconf 84' lang='lat' dir='ltr'>coronam</span> <span class='ocrx_word' id='word_1_667' title='bbox 523 4407 643 4446; x_wconf 89' lang='lat' dir='ltr'>aureum</span> <span class='ocrx_word' id='word_1_668' title='bbox 660 4393 851 4465; x_wconf 86' lang='lat' dir='ltr'>accipiebant.</span> <span class='ocrx_word' id='word_1_669' title='bbox 987 4397 1417 4469; x_wconf 81' lang='lat' dir='ltr'>uererentursempiternis,vel</span> <span class='ocrx_word' id='word_1_670' title='bbox 1430 4398 1498 4454; x_wconf 91' lang='lat' dir='ltr'>mali</span> <span class='ocrx_word' id='word_1_671' title='bbox 1511 4398 1605 4471; x_wconf 88' lang='lat' dir='ltr'>poenis</span> <span class='ocrx_word' id='word_1_672' title='bbox 1614 4398 1810 4472; x_wconf 83' lang='lat' dir='ltr'>plecterentur</span> 
     </span>
     <span class='ocr_line' id='line_1_48' title="bbox 140 4479 1810 4573; baseline 0.007 -38"><span class='ocrx_word' id='word_1_673' title='bbox 140 4479 299 4550; x_wconf 89' lang='lat' dir='ltr'>Sequitur:</span> <span class='ocrx_word' id='word_1_674' title='bbox 325 4481 357 4535; x_wconf 84' lang='lat' dir='ltr'>Et</span> <span class='ocrx_word' id='word_1_675' title='bbox 381 4479 488 4535; x_wconf 82' lang='lat' dir='ltr'>odorem</span> <span class='ocrx_word' id='word_1_676' title='bbox 511 4481 618 4535; x_wconf 70' lang='lat' dir='ltr'>uetitis</span> <span class='ocrx_word' id='word_1_677' title='bbox 637 4496 694 4535; x_wconf 78' lang='lat' dir='ltr'>soa</span> <span class='ocrx_word' id='word_1_678' title='bbox 716 4483 876 4553; x_wconf 75' lang='lat' dir='ltr'>monifestat</span> <span class='ocrx_word' id='word_1_679' title='bbox 901 4487 932 4539; x_wconf 85' lang='lat' dir='ltr'>io</span> <span class='ocrx_word' id='word_1_680' title='bbox 948 4509 970 4573; x_wconf 78' lang='lat' dir='ltr'>D</span> <span class='ocrx_word' id='word_1_681' title='bbox 986 4485 1112 4540; x_wconf 83' lang='lat' dir='ltr'>eternis.</span> <span class='ocrx_word' id='word_1_682' title='bbox 1130 4486 1162 4539; x_wconf 81' lang='lat' dir='ltr'>lit</span> <span class='ocrx_word' id='word_1_683' title='bbox 1187 4486 1318 4540; x_wconf 86' lang='lat' dir='ltr'>iterum:</span> <span class='ocrx_word' id='word_1_684' title='bbox 1347 4486 1415 4557; x_wconf 93' lang='lat' dir='ltr'>Nos,</span> <span class='ocrx_word' id='word_1_685' title='bbox 1432 4487 1482 4558; x_wconf 91' lang='lat' dir='ltr'>qui</span> <span class='ocrx_word' id='word_1_686' title='bbox 1499 4503 1616 4559; x_wconf 90' lang='lat' dir='ltr'>semper</span> <span class='ocrx_word' id='word_1_687' title='bbox 1630 4488 1730 4546; x_wconf 87' lang='lat' dir='ltr'>bouus</span> <span class='ocrx_word' id='word_1_688' title='bbox 1744 4490 1810 4546; x_wconf 83' lang='lat' dir='ltr'>odor</span> 
     </span>
     <span class='ocr_line' id='line_1_49' title="bbox 104 4568 1808 4648; baseline 0.007 -25"><span class='ocrx_word' id='word_1_689' title='bbox 104 4571 182 4624; x_wconf 81' lang='lat' dir='ltr'>omni</span> <span class='ocrx_word' id='word_1_690' title='bbox 196 4570 262 4625; x_wconf 86' lang='lat' dir='ltr'>loco.</span> <span class='ocrx_word' id='word_1_691' title='bbox 277 4569 402 4625; x_wconf 88' lang='lat' dir='ltr'>Odorem</span> <span class='ocrx_word' id='word_1_692' title='bbox 417 4570 536 4642; x_wconf 89' lang='lat' dir='ltr'>quidem</span> <span class='ocrx_word' id='word_1_693' title='bbox 552 4568 663 4624; x_wconf 80' lang='lat' dir='ltr'>tamam</span> <span class='ocrx_word' id='word_1_694' title='bbox 680 4572 809 4627; x_wconf 89' lang='lat' dir='ltr'>nominis</span> <span class='ocrx_word' id='word_1_695' title='bbox 821 4572 930 4630; x_wconf 84' lang='lat' dir='ltr'>Christi</span> <span class='ocrx_word' id='word_1_696' title='bbox 986 4589 1100 4639; x_wconf 89' lang='lat' dir='ltr'>sumus,</span> <span class='ocrx_word' id='word_1_697' title='bbox 1114 4590 1165 4644; x_wconf 93' lang='lat' dir='ltr'>pro</span> <span class='ocrx_word' id='word_1_698' title='bbox 1176 4574 1245 4628; x_wconf 92' lang='lat' dir='ltr'>vitio</span> <span class='ocrx_word' id='word_1_699' title='bbox 1258 4591 1316 4629; x_wconf 91' lang='lat' dir='ltr'>uon</span> <span class='ocrx_word' id='word_1_700' title='bbox 1327 4576 1564 4648; x_wconf 89' lang='lat' dir='ltr'>suscipientium,</span> <span class='ocrx_word' id='word_1_701' title='bbox 1577 4577 1651 4633; x_wconf 92' lang='lat' dir='ltr'>odor</span> <span class='ocrx_word' id='word_1_702' title='bbox 1664 4579 1770 4636; x_wconf 66' lang='lat' dir='ltr'>monis</span> <span class='ocrx_word' id='word_1_703' title='bbox 1783 4579 1808 4635; x_wconf 91' lang='lat' dir='ltr'>lu</span> 
     </span>
     <span class='ocr_line' id='line_1_50' title="bbox 103 4657 1808 4747; baseline 0.007 -34"><span class='ocrx_word' id='word_1_704' title='bbox 103 4657 242 4729; x_wconf 83' lang='lat' dir='ltr'>appellat,</span> <span class='ocrx_word' id='word_1_705' title='bbox 256 4675 319 4730; x_wconf 80' lang='lat' dir='ltr'>que</span> <span class='ocrx_word' id='word_1_706' title='bbox 331 4658 451 4731; x_wconf 90' lang='lat' dir='ltr'>pulchra</span> <span class='ocrx_word' id='word_1_707' title='bbox 463 4675 514 4730; x_wconf 91' lang='lat' dir='ltr'>per</span> <span class='ocrx_word' id='word_1_708' title='bbox 524 4659 644 4714; x_wconf 91' lang='lat' dir='ltr'>odorem</span> <span class='ocrx_word' id='word_1_709' title='bbox 657 4660 845 4732; x_wconf 84' lang='lat' dir='ltr'>designatur;</span> <span class='ocrx_word' id='word_1_710' title='bbox 861 4680 928 4719; x_wconf 88' lang='lat' dir='ltr'>num</span> <span class='ocrx_word' id='word_1_711' title='bbox 985 4668 1190 4747; x_wconf 73' lang='lat' dir='ltr'>mortempro</span> <span class='ocrx_word' id='word_1_712' title='bbox 1212 4663 1318 4718; x_wconf 87' lang='lat' dir='ltr'>virtute</span> <span class='ocrx_word' id='word_1_713' title='bbox 1334 4681 1438 4737; x_wconf 90' lang='lat' dir='ltr'>nempe</span> <span class='ocrx_word' id='word_1_714' title='bbox 1454 4666 1692 4737; x_wconf 84' lang='lat' dir='ltr'>suscipientium,</span> <span class='ocrx_word' id='word_1_715' title='bbox 1708 4683 1808 4725; x_wconf 75' lang='lat' dir='ltr'>sumus</span> 
     </span>
     <span class='ocr_line' id='line_1_51' title="bbox 102 4747 1807 4829; baseline 0.008 -29"><span class='ocrx_word' id='word_1_716' title='bbox 102 4761 149 4801; x_wconf 89' lang='lat' dir='ltr'>res</span> <span class='ocrx_word' id='word_1_717' title='bbox 164 4747 259 4803; x_wconf 85' lang='lat' dir='ltr'>invisa</span> <span class='ocrx_word' id='word_1_718' title='bbox 273 4749 361 4803; x_wconf 90' lang='lat' dir='ltr'>odore</span> <span class='ocrx_word' id='word_1_719' title='bbox 376 4748 560 4819; x_wconf 84' lang='lat' dir='ltr'>dignoscitur</span> <span class='ocrx_word' id='word_1_720' title='bbox 576 4765 582 4804; x_wconf 91' lang='lat'>:</span> <span class='ocrx_word' id='word_1_721' title='bbox 605 4749 648 4803; x_wconf 90' lang='lat' dir='ltr'>sic</span> <span class='ocrx_word' id='word_1_722' title='bbox 663 4754 691 4804; x_wconf 89' lang='lat' dir='ltr'>et</span> <span class='ocrx_word' id='word_1_723' title='bbox 706 4750 784 4805; x_wconf 84' lang='lat' dir='ltr'>tuma</span> <span class='ocrx_word' id='word_1_724' title='bbox 801 4751 929 4807; x_wconf 90' lang='lat' dir='ltr'>nominis</span> <span class='ocrx_word' id='word_1_725' title='bbox 984 4752 1055 4806; x_wconf 92' lang='lat' dir='ltr'>odor</span> <span class='ocrx_word' id='word_1_726' title='bbox 1070 4752 1133 4807; x_wconf 85' lang='lat' dir='ltr'>vitae</span> <span class='ocrx_word' id='word_1_727' title='bbox 1149 4751 1179 4806; x_wconf 92' lang='lat' dir='ltr'>in</span> <span class='ocrx_word' id='word_1_728' title='bbox 1194 4752 1303 4820; x_wconf 71' lang='lat' dir='ltr'>vitam,</span> <span class='ocrx_word' id='word_1_729' title='bbox 1321 4760 1444 4809; x_wconf 89' lang='lat' dir='ltr'>mortem</span> <span class='ocrx_word' id='word_1_730' title='bbox 1470 4770 1547 4822; x_wconf 93' lang='lat' dir='ltr'>vero,</span> <span class='ocrx_word' id='word_1_731' title='bbox 1573 4760 1602 4810; x_wconf 89' lang='lat' dir='ltr'>et</span> <span class='ocrx_word' id='word_1_732' title='bbox 1626 4755 1732 4829; x_wconf 87' lang='lat' dir='ltr'>vitam,</span> <span class='ocrx_word' id='word_1_733' title='bbox 1755 4771 1807 4813; x_wconf 88' lang='lat' dir='ltr'>nou</span> 
     </span>
     <span class='ocr_line' id='line_1_52' title="bbox 101 4832 1807 4911; baseline 0.008 -22"><span class='ocrx_word' id='word_1_734' title='bbox 101 4836 209 4892; x_wconf 79' lang='lat' dir='ltr'>Christi</span> <span class='ocrx_word' id='word_1_735' title='bbox 222 4835 409 4892; x_wconf 84' lang='lat' dir='ltr'>invisibiliter</span> <span class='ocrx_word' id='word_1_736' title='bbox 428 4837 464 4892; x_wconf 86' lang='lat' dir='ltr'>ad</span> <span class='ocrx_word' id='word_1_737' title='bbox 487 4854 574 4894; x_wconf 91' lang='lat' dir='ltr'>aures</span> <span class='ocrx_word' id='word_1_738' title='bbox 590 4839 720 4910; x_wconf 86' lang='lat' dir='ltr'>pervenit</span> <span class='ocrx_word' id='word_1_739' title='bbox 735 4841 928 4907; x_wconf 91' lang='lat' dir='ltr'>credentium,</span> <span class='ocrx_word' id='word_1_740' title='bbox 985 4838 1075 4904; x_wconf 90' lang='lat' dir='ltr'>illam,</span> <span class='ocrx_word' id='word_1_741' title='bbox 1092 4856 1151 4911; x_wconf 86' lang='lat' dir='ltr'>qua</span> <span class='ocrx_word' id='word_1_742' title='bbox 1166 4832 1361 4897; x_wconf 84' lang='lat' dir='ltr'>communiter</span> <span class='ocrx_word' id='word_1_743' title='bbox 1376 4843 1519 4898; x_wconf 90' lang='lat' dir='ltr'>morimur</span> <span class='ocrx_word' id='word_1_744' title='bbox 1543 4850 1572 4899; x_wconf 91' lang='lat' dir='ltr'>et</span> <span class='ocrx_word' id='word_1_745' title='bbox 1595 4843 1725 4901; x_wconf 88' lang='lat' dir='ltr'>vivimus</span> <span class='ocrx_word' id='word_1_746' title='bbox 1744 4859 1807 4902; x_wconf 84' lang='lat' dir='ltr'>eum</span> 
     </span>
     <span class='ocr_line' id='line_1_53' title="bbox 100 4925 1808 5008; baseline 0.005 -26"><span class='ocrx_word' id='word_1_747' title='bbox 100 4929 129 4982; x_wconf 90' lang='lat' dir='ltr'>et</span> <span class='ocrx_word' id='word_1_748' title='bbox 145 4930 230 4993; x_wconf 87' lang='lat' dir='ltr'>Deus,</span> <span class='ocrx_word' id='word_1_749' title='bbox 242 4925 293 4997; x_wconf 92' lang='lat' dir='ltr'>qui</span> <span class='ocrx_word' id='word_1_750' title='bbox 305 4930 368 4981; x_wconf 90' lang='lat' dir='ltr'>erat</span> <span class='ocrx_word' id='word_1_751' title='bbox 378 4926 546 4998; x_wconf 86' lang='lat' dir='ltr'>invisibilis,</span> <span class='ocrx_word' id='word_1_752' title='bbox 557 4944 607 4999; x_wconf 92' lang='lat' dir='ltr'>per</span> <span class='ocrx_word' id='word_1_753' title='bbox 621 4927 798 4985; x_wconf 88' lang='lat' dir='ltr'>invisibilem</span> <span class='ocrx_word' id='word_1_754' title='bbox 812 4931 929 5003; x_wconf 84' lang='lat' dir='ltr'>agnitus</span> <span class='ocrx_word' id='word_1_755' title='bbox 979 4929 1133 5000; x_wconf 88' lang='lat' dir='ltr'>jumentis,</span> <span class='ocrx_word' id='word_1_756' title='bbox 1150 4934 1178 4984; x_wconf 89' lang='lat' dir='ltr'>et</span> <span class='ocrx_word' id='word_1_757' title='bbox 1194 4930 1357 5001; x_wconf 84' lang='lat' dir='ltr'>pecoribus,</span> <span class='ocrx_word' id='word_1_758' title='bbox 1376 4933 1427 4986; x_wconf 91' lang='lat' dir='ltr'>sed</span> <span class='ocrx_word' id='word_1_759' title='bbox 1443 4932 1525 4988; x_wconf 91' lang='lat' dir='ltr'>illam</span> <span class='ocrx_word' id='word_1_760' title='bbox 1541 4938 1677 5001; x_wconf 88' lang='lat' dir='ltr'>mortem,</span> <span class='ocrx_word' id='word_1_761' title='bbox 1693 4935 1732 4990; x_wconf 91' lang='lat' dir='ltr'>de</span> <span class='ocrx_word' id='word_1_762' title='bbox 1756 4949 1808 5008; x_wconf 80' lang='lat' dir='ltr'>qus</span> 
     </span>
     <span class='ocr_line' id='line_1_54' title="bbox 99 5014 1808 5095; baseline 0.005 -23"><span class='ocrx_word' id='word_1_763' title='bbox 99 5018 145 5072; x_wconf 86' lang='lat' dir='ltr'>est</span> <span class='ocrx_word' id='word_1_764' title='bbox 157 5014 406 5088; x_wconf 79' lang='lat' dir='ltr'>predicationem.</span> <span class='ocrx_word' id='word_1_765' title='bbox 426 5018 482 5071; x_wconf 88' lang='lat' dir='ltr'>lste</span> <span class='ocrx_word' id='word_1_766' title='bbox 497 5032 602 5088; x_wconf 90' lang='lat' dir='ltr'>nempe</span> <span class='ocrx_word' id='word_1_767' title='bbox 617 5017 688 5072; x_wconf 94' lang='lat' dir='ltr'>odor</span> <span class='ocrx_word' id='word_1_768' title='bbox 711 5035 762 5090; x_wconf 91' lang='lat' dir='ltr'>per</span> <span class='ocrx_word' id='word_1_769' title='bbox 777 5019 927 5075; x_wconf 87' lang='lat' dir='ltr'>Christum</span> <span class='ocrx_word' id='word_1_770' title='bbox 984 5019 1207 5090; x_wconf 86' lang='lat' dir='ltr'>scriptumest:</span> <span class='ocrx_word' id='word_1_771' title='bbox 1233 5020 1343 5086; x_wconf 76' lang='lat' dir='ltr'>haimo,</span> <span class='ocrx_word' id='word_1_772' title='bbox 1361 5035 1424 5092; x_wconf 69' lang='lat' dir='ltr'>qum</span> <span class='ocrx_word' id='word_1_773' title='bbox 1445 5023 1597 5092; x_wconf 82' lang='lat' dir='ltr'>precaverit</span> <span class='ocrx_word' id='word_1_774' title='bbox 1614 5023 1714 5092; x_wconf 65' lang='lat' dir='ltr'>(uuit.</span> <span class='ocrx_word' id='word_1_775' title='bbox 1729 5040 1757 5091; x_wconf 90' lang='lat' dir='ltr'>v,</span> <span class='ocrx_word' id='word_1_776' title='bbox 1777 5022 1808 5095; x_wconf 83' lang='grc'>1),</span> 
     </span>
     <span class='ocr_line' id='line_1_55' title="bbox 100 5104 1808 5182; baseline 0.006 -23"><span class='ocrx_word' id='word_1_777' title='bbox 100 5108 145 5159; x_wconf 89' lang='lat' dir='ltr'>est</span> <span class='ocrx_word' id='word_1_778' title='bbox 157 5105 411 5175; x_wconf 85' lang='lat' dir='ltr'>manil&#39;estatus,et</span> <span class='ocrx_word' id='word_1_779' title='bbox 422 5121 472 5176; x_wconf 90' lang='lat' dir='ltr'>per</span> <span class='ocrx_word' id='word_1_780' title='bbox 481 5104 634 5177; x_wconf 89' lang='lat' dir='ltr'>epistotam</span> <span class='ocrx_word' id='word_1_781' title='bbox 646 5108 836 5178; x_wconf 77' lang='lat' dir='ltr'>praedicatus:</span> <span class='ocrx_word' id='word_1_782' title='bbox 847 5107 928 5163; x_wconf 91' lang='lat' dir='ltr'>Unde</span> <span class='ocrx_word' id='word_1_783' title='bbox 982 5113 1052 5175; x_wconf 75' lang='lat' dir='ltr'>eto,</span> <span class='ocrx_word' id='word_1_784' title='bbox 1069 5113 1096 5164; x_wconf 87' lang='lat' dir='ltr'>et</span> <span class='ocrx_word' id='word_1_785' title='bbox 1112 5110 1201 5163; x_wconf 87' lang='lat' dir='ltr'>vitam</span> <span class='ocrx_word' id='word_1_786' title='bbox 1218 5108 1311 5177; x_wconf 89' lang='lat' dir='ltr'>illam,</span> <span class='ocrx_word' id='word_1_787' title='bbox 1327 5109 1361 5164; x_wconf 89' lang='lat' dir='ltr'>de</span> <span class='ocrx_word' id='word_1_788' title='bbox 1377 5126 1434 5180; x_wconf 91' lang='lat' dir='ltr'>qua</span> <span class='ocrx_word' id='word_1_789' title='bbox 1450 5110 1527 5165; x_wconf 88' lang='lat' dir='ltr'>idem</span> <span class='ocrx_word' id='word_1_790' title='bbox 1542 5110 1704 5182; x_wconf 81' lang='lat' dir='ltr'>Apostolus</span> <span class='ocrx_word' id='word_1_791' title='bbox 1723 5127 1730 5168; x_wconf 95' lang='lat'>:</span> <span class='ocrx_word' id='word_1_792' title='bbox 1748 5112 1808 5169; x_wconf 75' lang='lat' dir='ltr'>cao</span> 
     </span>
     <span class='ocr_line' id='line_1_56' title="bbox 99 5191 1806 5273; baseline 0.006 -27"><span class='ocrx_word' id='word_1_793' title='bbox 99 5191 164 5263; x_wconf 88' lang='lat' dir='ltr'>ipse</span> <span class='ocrx_word' id='word_1_794' title='bbox 176 5195 254 5252; x_wconf 90' lang='lat' dir='ltr'>Deus</span> <span class='ocrx_word' id='word_1_795' title='bbox 269 5200 335 5265; x_wconf 92' lang='lat' dir='ltr'>Deo,</span> <span class='ocrx_word' id='word_1_796' title='bbox 346 5194 490 5250; x_wconf 87' lang='lat' dir='ltr'>Dominus</span> <span class='ocrx_word' id='word_1_797' title='bbox 504 5195 638 5266; x_wconf 88' lang='lat' dir='ltr'>Domino,</span> <span class='ocrx_word' id='word_1_798' title='bbox 649 5201 677 5251; x_wconf 92' lang='lat' dir='ltr'>et</span> <span class='ocrx_word' id='word_1_799' title='bbox 687 5196 776 5252; x_wconf 83' lang='lat' dir='ltr'>Filius</span> <span class='ocrx_word' id='word_1_800' title='bbox 788 5197 859 5252; x_wconf 90' lang='lat' dir='ltr'>dicit</span> <span class='ocrx_word' id='word_1_801' title='bbox 872 5201 927 5252; x_wconf 86' lang='lat' dir='ltr'>Pu·</span> <span class='ocrx_word' id='word_1_802' title='bbox 983 5198 1119 5267; x_wconf 76' lang='lat' dir='ltr'>Christos,</span> <span class='ocrx_word' id='word_1_803' title='bbox 1128 5197 1233 5269; x_wconf 92' lang='lat' dir='ltr'>inquit,</span> <span class='ocrx_word' id='word_1_804' title='bbox 1245 5202 1425 5269; x_wconf 79' lang='lat' dir='ltr'>apparueruil</span> <span class='ocrx_word' id='word_1_805' title='bbox 1434 5200 1711 5272; x_wconf 79' lang='lat' dir='ltr'>vituoostrclcoloas.</span> <span class='ocrx_word' id='word_1_806' title='bbox 1722 5199 1806 5273; x_wconf 64' lang='lat' dir='ltr'>uni),</span> 
     </span>
     <span class='ocr_line' id='line_1_57' title="bbox 100 5281 1805 5363; baseline 0.008 -31"><span class='ocrx_word' id='word_1_807' title='bbox 100 5281 157 5334; x_wconf 90' lang='lat' dir='ltr'>tri:</span> <span class='ocrx_word' id='word_1_808' title='bbox 172 5283 249 5340; x_wconf 85' lang='lat' dir='ltr'>Sicut</span> <span class='ocrx_word' id='word_1_809' title='bbox 262 5286 368 5341; x_wconf 82' lang='lat' dir='ltr'>misisti</span> <span class='ocrx_word' id='word_1_810' title='bbox 381 5300 424 5339; x_wconf 87' lang='lat' dir='ltr'>me</span> <span class='ocrx_word' id='word_1_811' title='bbox 439 5285 468 5339; x_wconf 85' lang='lat' dir='ltr'>in</span> <span class='ocrx_word' id='word_1_812' title='bbox 483 5283 627 5345; x_wconf 83' lang='lat' dir='ltr'>meadum,</span> <span class='ocrx_word' id='word_1_813' title='bbox 646 5289 673 5340; x_wconf 81' lang='lat' dir='ltr'>et</span> <span class='ocrx_word' id='word_1_814' title='bbox 692 5301 740 5355; x_wconf 80' lang='lat' dir='ltr'>epo</span> <span class='ocrx_word' id='word_1_815' title='bbox 755 5288 821 5340; x_wconf 83' lang='lat' dir='ltr'>misi</span> <span class='ocrx_word' id='word_1_816' title='bbox 836 5302 881 5342; x_wconf 83' lang='lat' dir='ltr'>eos</span> <span class='ocrx_word' id='word_1_817' title='bbox 896 5287 927 5342; x_wconf 84' lang='lat' dir='ltr'>in</span> <span class='ocrx_word' id='word_1_818' title='bbox 981 5286 1143 5359; x_wconf 85' lang='lat' dir='ltr'>intelligere</span> <span class='ocrx_word' id='word_1_819' title='bbox 1158 5286 1308 5341; x_wconf 89' lang='lat' dir='ltr'>debemus.</span> <span class='ocrx_word' id='word_1_820' title='bbox 1325 5287 1399 5354; x_wconf 79' lang='lat' dir='ltr'>Quid</span> <span class='ocrx_word' id='word_1_821' title='bbox 1416 5287 1494 5343; x_wconf 89' lang='lat' dir='ltr'>enim</span> <span class='ocrx_word' id='word_1_822' title='bbox 1510 5288 1630 5360; x_wconf 90' lang='lat' dir='ltr'>mirum,</span> <span class='ocrx_word' id='word_1_823' title='bbox 1646 5289 1672 5346; x_wconf 90' lang='lat' dir='ltr'>si</span> <span class='ocrx_word' id='word_1_824' title='bbox 1687 5289 1727 5346; x_wconf 87' lang='lat' dir='ltr'>de</span> <span class='ocrx_word' id='word_1_825' title='bbox 1741 5304 1805 5363; x_wconf 86' lang='lat' dir='ltr'>apo·</span> 
     </span>
     <span class='ocr_line' id='line_1_58' title="bbox 100 5372 1804 5448; baseline 0.01 -27"><span class='ocrx_word' id='word_1_826' title='bbox 100 5372 236 5437; x_wconf 76' lang='lat' dir='ltr'>mundum</span> <span class='ocrx_word' id='word_1_827' title='bbox 259 5375 348 5445; x_wconf 83' lang='lat' dir='ltr'>(loon.</span> <span class='ocrx_word' id='word_1_828' title='bbox 364 5391 430 5442; x_wconf 81' lang='lat' dir='ltr'>xvir,</span> <span class='ocrx_word' id='word_1_829' title='bbox 449 5373 504 5444; x_wconf 85' lang='grc'>18).</span> <span class='ocrx_word' id='word_1_830' title='bbox 527 5373 585 5428; x_wconf 89' lang='lat' dir='ltr'>Hoc</span> <span class='ocrx_word' id='word_1_831' title='bbox 600 5373 688 5428; x_wconf 89' lang='lat' dir='ltr'>etiam</span> <span class='ocrx_word' id='word_1_832' title='bbox 705 5372 798 5446; x_wconf 81' lang='lat' dir='ltr'>signis</span> <span class='ocrx_word' id='word_1_833' title='bbox 812 5380 840 5431; x_wconf 89' lang='lat' dir='ltr'>et</span> <span class='ocrx_word' id='word_1_834' title='bbox 855 5392 925 5448; x_wconf 92' lang='lat' dir='ltr'>pro·</span> <span class='ocrx_word' id='word_1_835' title='bbox 982 5375 1064 5431; x_wconf 92' lang='lat' dir='ltr'>stolis</span> <span class='ocrx_word' id='word_1_836' title='bbox 1080 5373 1198 5444; x_wconf 90' lang='lat' dir='ltr'>dicitur,</span> <span class='ocrx_word' id='word_1_837' title='bbox 1213 5375 1290 5447; x_wconf 92' lang='lat' dir='ltr'>quod</span> <span class='ocrx_word' id='word_1_838' title='bbox 1306 5374 1371 5432; x_wconf 90' lang='lat' dir='ltr'>aliis</span> <span class='ocrx_word' id='word_1_839' title='bbox 1387 5375 1446 5432; x_wconf 88' lang='lat' dir='ltr'>siut</span> <span class='ocrx_word' id='word_1_840' title='bbox 1460 5377 1533 5434; x_wconf 91' lang='lat' dir='ltr'>odor</span> <span class='ocrx_word' id='word_1_841' title='bbox 1547 5377 1650 5436; x_wconf 90' lang='lat' dir='ltr'>mortis</span> <span class='ocrx_word' id='word_1_842' title='bbox 1672 5377 1704 5437; x_wconf 93' lang='lat' dir='ltr'>iu</span> <span class='ocrx_word' id='word_1_843' title='bbox 1729 5393 1804 5439; x_wconf 83' lang='lat' dir='ltr'>mur·</span> 
     </span>
    </p>
   </div>
   <div class='ocr_carea' id='block_1_5' title="bbox 143 5492 1049 5652">
    <p class='ocr_par' dir='ltr' id='par_1_5' title="bbox 143 5492 1049 5652">
     <span class='ocr_line' id='line_1_59' title="bbox 146 5492 544 5571; baseline 0.018 -25"><span class='ocrx_word' id='word_1_844' title='bbox 146 5492 198 5548; x_wconf 83' lang='grc'>697</span> <span class='ocrx_word' id='word_1_845' title='bbox 224 5500 328 5570; x_wconf 79' lang='lat' dir='ltr'>hutog.</span> <span class='ocrx_word' id='word_1_846' title='bbox 348 5497 544 5571; x_wconf 78' lang='lat' dir='ltr'>tripudiantes.</span> 
     </span>
     <span class='ocr_line' id='line_1_60' title="bbox 143 5494 1049 5652; baseline 0.019 -32"><span class='ocrx_word' id='word_1_847' title='bbox 143 5494 209 5643; x_wconf 68' lang='lat' dir='ltr'>⁶⁹⁸l</span> <span class='ocrx_word' id='word_1_848' title='bbox 221 5570 327 5642; x_wconf 76' lang='lat' dir='ltr'>autog.</span> <span class='ocrx_word' id='word_1_849' title='bbox 342 5569 430 5642; x_wconf 75' lang='lat' dir='ltr'>toret.</span> <span class='ocrx_word' id='word_1_850' title='bbox 445 5569 518 5628; x_wconf 86' lang='lat' dir='ltr'>Vide</span> <span class='ocrx_word' id='word_1_851' title='bbox 533 5583 606 5627; x_wconf 90' lang='lat' dir='ltr'>uum</span> <span class='ocrx_word' id='word_1_852' title='bbox 618 5568 699 5644; x_wconf 73' lang='lat' dir='ltr'>floret</span> <span class='ocrx_word' id='word_1_853' title='bbox 720 5568 855 5645; x_wconf 85' lang='lat' dir='ltr'>fortasse,</span> <span class='ocrx_word' id='word_1_854' title='bbox 870 5570 914 5633; x_wconf 84' lang='lat' dir='ltr'>vel</span> <span class='ocrx_word' id='word_1_855' title='bbox 929 5574 1049 5652; x_wconf 70' lang='lat' dir='ltr'>cerere.</span> 
     </span>
    </p>
   </div>
   <div class='ocr_carea' id='block_1_6' title="bbox 0 0 1958 6096">
    <p class='ocr_par' dir='ltr' id='par_1_6' title="bbox 0 0 1958 6096">
     <span class='ocr_line' id='line_1_61' title="bbox 0 0 1958 6096; baseline 0 5"><span class='ocrx_word' id='word_1_856' title='bbox 0 0 1958 6096; x_wconf 95' lang='lat' dir='ltr'> </span> 
     </span>
    </p>
   </div>
  </div>
 </body>
</html>
