3908 6096
61 262 122 325 87³
782 246 1048 322 POLYP'HGUM.
1705 264 1764 325 611

62 381 220 454 adsumis?
234 392 284 452 eis
299 390 399 467 quinis
414 410 451 450 an
471 393 518 449 cui
542 393 616 448 titan
638 390 730 448 oculis
746 390 887 464 gradibus
901 393 928 458 Α
943 396 1052 448 cetere
1068 393 1093 448 si
1109 392 1178 461 sint,
1195 397 1223 449 61
1232 392 1373 466 sospitem
1390 397 1564 450 monstrant.
1576 394 1764 468 Cujusetiam

62 489 247 544 revocaverat
261 501 381 540 cursum
392 483 406 539 t
417 483 577 538 Procenem
594 482 630 517 ¹³⁵
645 497 697 536 nec
714 481 803 537 refers
814 485 888 535 tem·
942 497 1045 536 rursus
1054 482 1078 537 si
1088 482 1127 537 sit
1136 499 1188 554 pro
1200 483 1299 539 iuuere
1310 483 1456 556 squalent.
1469 483 1626 540 Discedata
1640 486 1767 558 propris,

61 575 102 649 pli
118 573 263 639 coheleth,
293 573 395 646 quiet
419 572 616 627 abominanda
645 570 888 626 detersit‘lNunc
943 569 1244 626 suessedsicuncte
1271 570 1767 645 serieslinquunt,cumquohes·

60 669 272 721 testamentum
288 665 400 731 subeat,
422 665 451 716 et
475 665 507 716 ut
521 661 624 716 ordine
640 676 758 728 novum,
775 658 887 714 Helene
942 660 1042 713 ternas
1058 657 1136 730 piget
1151 675 1200 714 eas
1211 677 1264 716 nec
1275 660 1423 733 inquirere
1434 663 1528 719 sedes.
1540 663 1646 719 Sedulo
1661 667 1689 719 et
1703 669 1767 720 ceto

62 754 159 810 tilium
183 751 325 825 trophicis
347 755 500 808 strenuum
528 749 628 816 armis,
653 747 829 821 pancratiari
854 749 889 783 ¹³⁶
943 745 1058 818 prolicit
1071 763 1176 819 nempe
1188 750 1243 805 sub
1257 750 1330 806 duce
1342 749 1547 824 popellus,quo
1561 754 1624 809 sine
1635 751 1710 825 legio
1723 768 1768 810 ex·

61 840 239 899 christicolis
251 840 301 912 qui
312 856 464 895 removens
477 838 564 894 oitlcii
573 839 643 910 jura
655 837 889 908 tlrmavit.llujus
942 835 1074 891 inanitur
1088 835 1243 892 instructa.

61 947 116 987 neo
127 931 186 986 dux
196 928 500 1001 oremagnusduceris
511 928 600 982 tantis
611 926 775 982 oTheodosi
787 925 890 980 trium·
978 925 1022 980 13.
1040 925 1142 980 Desine
1154 941 1232 980 nunc
1243 931 1395 998 emptos,et
1408 929 1544 986 sensibus
1555 932 1636 986 utere
1646 930 1766 988 nostris.

60 1020 141 1092 phis,
158 1019 208 1091 qui
225 1033 366 1090 respuens
381 1017 506 1072 hereses
521 1016 646 1071 barbara
657 1020 688 1071 tn
705 1013 764 1071 tola
773 1012 888 1083 fudisti,
942 1013 989 1067 Sic
1004 1013 1086 1068 fabre
1100 1030 1178 1068 nunc
1192 1030 1241 1070 eos
1253 1015 1400 1087 suggilare
1410 1017 1495 1088 juvat
1509 1021 1649 1091 peceatos
1659 1019 1692 1055 ¹⁴⁸
1705 1034 1766 1075 me-

62 1114 91 1165 et
104 1109 174 1164 iana
185 1105 459 1163 desiruenstutulos
475 1106 507 1140 ¹⁸⁷
521 1110 550 1160 et
562 1103 651 1160 deleri
664 1103 889 1170 sanxistireste·
943 1105 1012 1156 met.
1029 1101 1050 1156 0
1066 1117 1140 1173 quos
1155 1105 1201 1158 sat
1216 1107 1260 1158 est
1274 1104 1380 1160 vestris
1390 1105 1483 1162 etlhsa
1497 1106 1661 1164 distrahere
1676 1094 1767 1165 hemi·

62 1203 106 1254 ret
119 1197 293 1269 hypogeum
304 1193 445 1250 demonis
457 1193 556 1250 saltim
567 1208 603 1248 ne
614 1193 644 1247 in
660 1208 718 1264 quo
728 1191 831 1246 lateret
844 1206 888 1245 re·
943 1189 1034 1245 cadiis
1049 1191 1160 1263 (1661)1
1178 1193 1324 1258 Quorsum
1338 1192 1397 1249 1111
1406 1194 1510 1266 positis
1520 1195 1581 1252 tore
1588 1196 1632 1252 vel
1648 1198 1765 1271 symbo-

62 1287 182 1342 siduum
193 1301 227 1340 ex
238 1300 320 1340 sacro
331 1282 472 1355 quiddam
482 1299 540 1338 urio
552 1282 719 1338 sedeuncta
729 1278 889 1335 militarent
943 1276 1024 1334 16666
1036 1280 1069 1315 ¹⁴⁶
1084 1283 1267 1354 magnetum.
1297 1281 1454 1338 Dumtaxat
1482 1298 1567 1358 nege
1595 1301 1721 1356 quorum
1735 1285 1766 1342 iii

64 1373 187 1430 auctori.
201 1373 341 1446 Nepotem
358 1372 539 1444 equivocum
555 1370 645 1441 hujus
660 1385 713 1426 neo
727 1373 824 1424 extare
839 1384 887 1423 66-
942 1367 1051 1424 1611666
1067 1370 1101 1405 ¹⁸⁷
1117 1369 1282 1425 redduntur
1296 1369 1441 1426 delentflci
1450 1376 1547 1428 vester
1557 1370 1696 1445 pleumon
1706 1389 1766 1432 non

64 1463 191 1518 hlimem
207 1465 326 1534 reputas
336 1461 454 1517 inducte
469 1459 736 1532 18’,66666666666
751 1456 800 1529 661
816 1463 888 1511 tem·
943 1455 1039 1524 duret,
1057 1457 1127 1513 dum
1143 1457 1262 1532 angitur
1277 1459 1453 1533 panegyrica
1467 1459 1582 1517 videtur
1595 1462 1718 1520 tuccetis
1732 1463 1766 1499 ¹⁸⁸

64 1567 173 1624 perans
188 1549 309 1623 pruinas
324 1549 430 1604 iterum
447 1564 541 1620 pruna
556 1546 692 1618 (1656),61
701 1545 837 1618 dogmate
847 1545 888 1599 tu·
943 1546 1104 1619 exprimere
1115 1546 1222 1603 solum.
1234 1546 1401 1616 Heliconos,
1412 1548 1509 1605 edulio
1526 1549 1562 1586 ¹⁸·
1572 1548 1707 1608 conclave
1716 1568 1768 1609 vos

62 1656 160 1697 rorem
177 1639 329 1695 libidinem
354 1637 494 1704 domavit,
509 1642 538 1692 61
560 1634 678 1691 karitati
694 1635 728 1671 ¹³⁹
743 1635 821 1690 tides
836 1649 889 1690 neo
944 1633 969 1690 si
984 1636 1146 1708 suspendat
1159 1636 1196 1691 eh
1211 1652 1280 1702 uno,
1297 1653 1364 1692 mox
1376 1637 1533 1694 catillando
1549 1639 1769 1713 110666661166-

63 1727 198 1786 extiterat
212 1727 310 1801 segeis
334 1725 461 1783 tristitie
484 1730 536 1780 aut
558 1725 663 1781 cedens
679 1723 836 1779 subindius
855 1723 888 1759 ¹⁸⁰
944 1723 1074 1780 taculum
1090 1724 1133 1780 vel
1148 1724 1296 1792 insectari,
1311 1730 1453 1782 temetum
1465 1727 1650 1800 exteriusque
1665 1727 1768 1797 libare,

63 1815 444 1889 eternosupplicansquem
454 1812 687 1885 triumphaverat
699 1811 890 1868 armisperfi·
945 1813 1089 1869 ferculum
1105 1818 1133 1870 et
1148 1814 1216 1870 inde
1230 1813 1372 1887 gyrando,
1387 1812 1431 1871 vel
1446 1813 1564 1871 abolem
1580 1816 1613 1852 ¹⁵¹
1629 1819 1660 1872 in
1675 1831 1769 1890 ganea

63 1907 105 1961 cit
119 1905 231 1978 plebeia
241 1905 310 1976 quid
329 1920 435 1960 marius
446 1903 460 1957 ‘l
470 1900 593 1974 Singula
602 1916 655 1957 nec
666 1900 731 1973 ipsa
747 1900 889 1957 subsistet
944 1902 1070 1970 deficiat,
1087 1902 1111 1958 si
1124 1902 1179 1958 hoc
1195 1919 1298 1975 parare
1313 1903 1431 1972 curatis,
1448 1903 1606 1961 abscessus
1615 1908 1730 1962 remota
1742 1907 1768 1962 si

63 1995 189 2050 ducibus
204 1993 357 2057 exhausta,
373 1992 450 2063 qnod
467 1991 562 2064 prime
577 1989 682 2045 secula
697 1990 816 2062 signant
830 2006 887 2046 non
944 1992 1040 2063 preda
1055 1990 1103 2062 sit,
1115 1992 1159 2047 vel
1172 1991 1344 2049 auctoritate
1356 1993 1497 2065 privetur.
1508 1992 1571 2049 Non
1586 1993 1706 2066 crepula
1716 1995 1768 2050 dil·

62 2088 162 2139 tamen
178 2083 271 2151 tuelle,
289 2087 316 2137 et
327 2086 371 2137 est
382 2081 448 2134 hiric
460 2093 605 2151 apponere
616 2094 703 2134 cure.
719 2078 888 2134 Seminibus
943 2079 1045 2147 fertur,
1062 2084 1222 2153 utcumque
1247 2082 1448 2154 pregravidus
1473 2083 1610 2138 acerbum
1627 2083 1768 2156 reppellat

62 2174 132 2228 lide
154 2172 257 2244 primis
280 2169 368 2225 validi
394 2170 580 2224 excreverant
602 2172 695 2232 artus,
711 2171 739 2223 et
753 2168 889 2223 foecunda
944 2169 1014 2223 dum
1030 2168 1214 2240 aqualiculus
1225 2170 1345 2226 fascem.
1363 2169 1541 2227 Fraternitas
1552 2171 1581 2227 in
1592 2171 1674 2228 vobis
1685 2186 1766 2229 arva·

61 2261 160 2334 proles
174 2260 276 2316 turbas
292 2258 405 2330 paravit
416 2256 730 2329 opimas,succcssibus
741 2256 850 2312 crebris
860 2260 889 2312 et
943 2254 989 2324 lis,
1006 2273 1064 2328 quo
1080 2256 1143 2313 sola
1157 2262 1211 2323 est,
1232 2257 1341 2315 latetur
1363 2258 1567 2316 arabissam
1583 2259 1691 2332 quibus
1706 2277 1768 2317 sai·-

60 2367 129 2406 raro
145 2366 279 2406 crescens
294 2363 397 2403 exessu
413 2348 459 2401 ¹⁸¹.
475 2346 530 2402 Sed
550 2361 657 2417 preses
677 2345 824 2401 intractus
838 2344 887 2401 de·
943 2345 1018 2400 ciam
1036 2346 1081 2412 ¹⁵⁹,
1098 2350 1188 2402 staret
1202 2350 1235 2403 ut
1249 2362 1285 2403 ne
1310 2347 1452 2416 serandis,
1479 2348 1529 2404 sed
1545 2350 1675 2423 vergitur
1689 2350 1767 2422 quod

60 2440 119 2495 suit
129 2439 216 2494 rudes
226 2436 340 2494 erudire
350 2433 656 2512 cohortes,discrimen
666 2434 806 2489 undantis
817 2432 889 2506 lym·
943 2438 1057 2506 pectore
1072 2433 1251 2490 vulnushaeo
1266 2435 1296 2492 in
1310 2434 1393 2492 tenui
1406 2435 1494 2493 licore
1508 2436 1768 2502 consumens,hinc

62 2528 129 2601 phe
145 2527 223 2583 unde
239 2527 375 2581 vitarent.
400 2523 576 2579 ebramious
597 2523 659 2596 ipse
684 2522 820 2596 populus,
838 2523 887 2578 Dei
942 2521 1043 2578 letare
1059 2522 1191 2579 ¹”bilem
1203 2541 1261 2580 non
1273 2523 1598 2598 desinitatrumflddt).
1610 2526 1769 2599 Sarcopha·

62 2615 205 2690 plebs,est
221 2621 303 2670 actus
325 2613 495 2685 triumphis,
518 2613 587 2666 dum
605 2610 727 2667 stitiosis
738 2612 774 2647 ¹⁴⁸
788 2611 888 2684 deguit
942 2627 979 2684 ga
994 2611 1137 2684 polinctos
1153 2613 1188 2649 ¹⁵⁸
1203 2628 1292 2684 quam
1306 2612 1386 2668 hune
1404 2629 1420 2669 o
1435 2616 1551 2670 tantuin
1567 2621 1704 2688 caperent
1716 2631 1768 2672 vos

63 2706 120 2762 seb
133 2704 257 2760 ducibus
269 2701 402 2775 supplex,
416 2699 556 2772 quoniem
567 2699 766 2755 exhorbitatus
777 2701 810 2735 ¹⁸³
822 2716 888 2756 con·
942 2701 1158 2773 subgrunderia
1172 2701 1207 2736 ¹⁸⁸
1220 2701 1303 2774 prius
1315 2702 1321 2757 l
1339 2702 1374 2757 Et
1385 2701 1548 2760 silicernios
1562 2704 1643 2761 obtat
1656 2703 1687 2760 iii
1703 2704 1768 2761 istis
1799 2732 1803 2744 .

60 2791 295 2865 tempsit,exutat
310 2790 438 2846 alimine
452 2787 563 2861 procul,
573 2787 662 2860 stirps
673 2791 701 2843 et
712 2788 825 2844 inutilis
838 2805 887 2845 ex·
942 2791 966 2844 si
978 2804 1085 2862 pegaso
1094 2791 1186 2862 (1663)
1197 2806 1248 2846 666
1261 2790 1440 2862 protrahi,ed
1452 2808 1547 2864 usque
1558 2809 1615 2849 non
1627 2792 1767 2866 capulum

59 2887 106 2939 tat
121 2882 186 2950 hoc,
202 2881 287 2952 cujus
302 2895 354 2934 nec
371 2877 466 2934 solum
489 2881 533 2933 est
548 2877 598 2932 sed
615 2877 720 2949 cuique
734 2879 886 2949 terrigene
941 2882 1053 2949 spectat
1068 2882 1131 2933 tum
1147 2878 1198 2934 sed
1224 2894 1274 2933 ora
1292 2878 1423 2948 jocunda
1446 2878 1615 2951 vispiliones
1630 2884 1658 2937 et
1673 2898 1767 2954 neque

60 2974 161 3037 restat,
179 2972 207 3024 et
222 2968 293 3040 quid
308 2965 442 3022 homines
457 2968 596 3020 notantur
616 2969 744 3032 tantum,
759 2980 885 3036 quorum
941 2965 1114 3022 sublustrat.
1125 2966 1767 3035 Manelibustldtl)namlicetvatidumesset

60 3060 139 3135 quod
156 3058 335 3130 precipuum
361 3058 458 3110 mente
472 3059 525 3120 est,
551 3069 618 3108 cum
642 3057 699 3108 Deo
713 3053 805 3124 (1666)
821 3070 885 3109 esse
941 3053 1001 3109 celi
1017 3054 1099 3109 vobis
1124 3054 1239 3121 taciem,
1267 3070 1324 3110 non
1345 3054 1399 3110 viri
1428 3054 1605 3113 estintloare
1632 3074 1763 3114 sensum.

60 3149 198 3204 latemur.
215 3146 332 3218 Exigue
354 3147 424 3199 sunt
444 3143 533 3198 etiem
558 3142 690 3198 volucres
705 3147 734 3197 et
748 3142 883 3213 provide,
900 3126 922 3194 C
941 3141 1072 3198 Rictibus
1083 3141 1259 3198 bacchantes
1271 3143 1349 3215 quod
1360 3143 1495 3200 tristibus
1506 3147 1765 3203 cassareminami·

60 3254 126 3310 que
137 3234 265 3292 sollertia
275 3234 382 3305 vigent,
394 3230 506 3286 ceditur
515 3230 663 3301 perhenne
673 3230 782 3301 quibus
792 3235 820 3286 ct
831 3248 884 3287 ce·
940 3231 969 3286 ni
980 3247 1082 3287 varum
1094 3233 1129 3286 ad
1140 3230 1232 3287 levem
1243 3230 1349 3288 emula
1358 3231 1498 3290 ducentas
1508 3232 1619 3307 valgies
1630 3236 1664 3273 ¹⁸⁰
1674 3239 1703 3291 et
1713 3252 1764 3293 ora

59 3325 186 3382 libatum
202 3324 275 3379 serre
291 3338 342 3394 per
362 3335 463 3398 auras,
484 3317 659 3374 stratilatem
676 3319 711 3360 ¹⁶⁸
730 3335 793 3390 que
808 3318 838 3375 in
854 3335 885 3376 se
940 3319 1102 3375 beubetum
1118 3319 1162 3373 ¹⁶⁷.
1189 3320 1308 3375 Aretina
1332 3319 1365 3356 ¹⁸⁸
1381 3321 1524 3378 cacabant
1540 3323 1575 3359 ¹⁸⁸
1593 3327 1627 3380 ut
1641 3322 1764 3382 humida

60 3413 173 3485 colunt,
189 3410 327 3468 stratilati
342 3415 371 3465 et
385 3408 483 3464 debita
506 3407 642 3463 reddunt.
662 3406 781 3463 Alacres
796 3424 884 3480 quom
940 3423 1006 3463 cum
1018 3408 1172 3464 hauserint
1183 3407 1764 3480 ignem,sictemulentiastultisstitiatin

835 3505 992 3563 GLOSSAE.

102 3600 136 3640 ¹⁸⁵
148 3592 678 3654 16666666661666616666166166661.
696 3594 727 3629 ¹³⁶
738 3593 922 3650 omnimodis
932 3594 1003 3668 pati.
1023 3593 1057 3628 ¹³⁷
1065 3592 1766 3673 'tutulosdicebantsacerdotesbreviumtemplo-

64 3689 142 3728 rum.
182 3670 364 3725 ¹⁸⁸Sedncte.
405 3665 763 3738 1’11)6666116661166661.
803 3666 969 3740 ¹⁴⁰Sepius.
1010 3659 1412 3737 1*1666666616616[11161166
1423 3671 1556 3740 eccesie]
1594 3671 1628 3707 ¹⁶¹
1639 3671 1768 3729 Modera·

61 3746 113 3800 tis.
131 3742 242 3798 Stiliosi
257 3740 404 3812 siquidem
419 3737 560 3793 dicuntur
573 3737 708 3792 instituta
734 3743 901 3795 servantes:
919 3741 997 3793 unde
1012 3743 1041 3793 et
1065 3738 1261 3808 superstitiosi
1277 3739 1328 3808 qui
1343 3755 1431 3809 super
1447 3741 1583 3796 instituta
1596 3743 1763 3800 observant.

65 3817 102 3852 ¹⁸³
119 3814 265 3870 [leviatus.
304 3813 338 3847 ¹⁸⁸
350 3808 521 3882 Magistrum
533 3807 655 3863 militie.
695 3809 728 3843 ¹⁸⁶
742 3808 865 3866 Stultos.
905 3808 1452 3881 ¹⁴⁶Symbolonesasymbola,quevul
1476 3811 1763 3871 odiciturconlerse.

65 3887 99 3923 ¹⁸²
112 3883 323 3940 vicissitudine
339 3898 402 3952 que
417 3879 499 3935 vobis
515 3879 657 3959 redditur.
697 3879 1309 4004 μεΤ666616166616666666616618666.
1349 3881 1381 3920 ¹⁴⁹
1396 3827 1533 3937 bdelium
1547 3888 1592 3938 est
1606 3891 1765 3957 pregusta-

64 3958 123 4012 tiva
137 3957 287 4011 comestio.
327 3949 694 4007 1506611116666616116666
720 3951 823 4006 domos
851 3951 1135 4021 infrontategyrare.
1176 3950 1208 3985 ¹⁵¹
1246 3949 1400 4005 entertam.
1440 3953 1764 4027 ¹⁸’Sarciaestsuper-

64 4021 1093 4094 tluumcarnisincrementum,quoultramodumcorporasaginantur.
1133 4020 1306 4092 ¹¹⁵³lmplere.
1347 4022 1770 4097 ιδ1666661661666661666666·

63 4107 136 4155 ctos.
176 4099 208 4133 ¹⁵³
221 4091 780 4168 Sepulchrainlentiumnullaobsequia
791 4094 1030 4165 promerentium.
1071 4090 1766 4162 15666161666611666116666]661666166661666-

64 4169 215 4245 pisatione
229 4174 337 4223 tracte.
378 4167 410 4202 ¹⁵³
427 4164 620 4230 Latratum,et
631 4167 674 4218 est
690 4165 805 4244 proprie
816 4162 1068 4220 canum.Baubare
1078 4167 1176 4218 tamen
1187 4179 1264 4218 nunc
1276 4179 1325 4218 cos
1338 4163 1408 4218 dicit
1419 4181 1599 4236 supervacua
1609 4173 1637 4222 et
1646 4168 1715 4224 vilia
1724 4167 1765 4224 lo-

64 4243 126 4315 qui.
165 4242 199 4276 116
210 4241 287 4296 Vasa
296 4236 397 4294 tiotilia
406 4236 485 4292 dicta
495 4235 531 4292 ab
542 4234 636 4291 ilretio
652 4234 777 4303 civitate,
792 4236 821 4292 in
834 4253 892 4308 que
901 4235 1029 4308 plurima
1044 4234 1128 4289 siunt.
1168 4235 1201 4269 ¹⁵⁹
1216 4234 1362 4292 Fervendo
1376 4242 1492 4292 sonant.
1504 4237 1647 4295 Cecabare
1657 4241 1765 4297 anima

739 4331 890 4388 actionis
910 4333 956 4389 ei
976 4331 1092 4388 NOTAE.

101 4427 193 4496 (1659)
211 4427 274 4481 ileo
289 4424 388 4481 omnia
412 4439 463 4495 per
485 4419 641 4493 hexegesin
662 4420 692 4474 lu
707 4421 887 4493 subsequen·
905 4419 1767 4495 1)mohumore,idest,melancholiconascuntur.('l‘hecdc-

66 4491 890 4568 tibusinveniensexplanatattamprunaignisesteohuc
946 4493 981 4549 sii
998 4493 1122 4548 senioris
1132 4491 1202 4546 vitia
1217 4491 1288 4560 hec,
1300 4509 1404 4549 verene
1415 4511 1451 4549 en
1467 4496 1566 4568 potius
1577 4495 1648 4552 salso
1659 4498 1673 4551 ‘l
1683 4501 1767 4555 notat

67 4572 185 4637 ardens,
204 4570 280 4624 unde
307 4569 395 4623 etiam
422 4582 438 4620 e
462 4565 577 4636 pruritu
593 4563 708 4632 dieitur,
724 4562 753 4617 id
784 4568 829 4619 est
854 4565 891 4619 ab
946 4562 1094 4634 Eunapius
1110 4562 1244 4618 ethnicus
1259 4564 1289 4618 in
1305 4566 1446 4637 excerptis
1457 4567 1598 4623 vaticanis
1609 4568 1710 4641 script.
1723 4568 1768 4627 vel

68 4637 318 4707 666666661666
341 4635 506 4709 τοῦπυρός,
536 4637 620 4704 cujus
647 4634 691 4689 vis
719 4633 891 4690 diversasin
945 4637 978 4691 Τ.
997 4636 1031 4689 ll.
1070 4633 1294 4704 66166661.)

68 4713 225 4838 scripturis
239 4712 325 4766 habet
335 4708 564 4782 significationes
577 4724 583 4760 :
596 4705 755 4776 aliquando
765 4707 843 4761 enim
855 4707 892 4761 si·
982 4651 1066 4777 (1668

1066 4708 1073 4775 )
1091 4707 1155 4760 1666
1173 4711 1300 4760 mentem
1315 4705 1445 4762 hominis
1463 4723 1529 4763 cum
1545 4709 1602 4765 Deo
1617 4726 1682 4766 csse
1696 4711 1768 4766 6161-

90 4785 117 4839 61
131 4789 189 4838 1661
199 4783 371 4846 doctrinam,
385 4778 543 4850 aliquando
555 4777 640 4845 iram,
654 4776 812 4846 aliquando
828 4777 894 4832 lihi-

948 4794 1026 4842 mus,
1043 4777 1111 4847 quia
1123 4777 1199 4830 inter
1208 4793 1310 4831 omnes
1321 4778 1458 4834 mortales
1470 4779 1550 4836 solus
1560 4782 1596 4837 de
1605 4780 1771 4839 divinisuo-

68 4801 179 4920 616661,
205 4853 362 4924 aliquando
390 4852 566 4920 preceptum
589 4847 718 4903 caritatis
743 4853 772 4903 et
787 4853 892 4903 cetera.

68 4927 180 4981 Pruina
194 4930 240 4980 est
255 4925 356 4995 t'rigus,
370 4923 455 4990 cujus
466 4934 571 4974 nomen
584 4920 620 4973 eb
635 4918 644 4971 i
669 4934 702 4973 ne
718 4920 852 4984 est,siout
867 4924 894 4976 61

69 4935 895 5070 66666,66166666666616666166666ἷ661ε66116666-

70 5086 130 5141 666
141 5068 292 5140 ignis,urit
302 5072 331 5121 et
341 5065 435 5136 trigue
448 5080 454 5130 ;
467 5062 544 5133 quod
556 5065 644 5116 etiam
656 5076 790 5131 quamvis
800 5063 895 5117 varias

69 5140 178 5196 habeat
192 5137 432 5213 significationes.
445 5132 553 5204 sepius
565 5137 663 5187 tamen
676 5131 706 5185 in
723 5129 800 5185 malo
812 5133 895 5204 poni·

69 5215 129 5267 tur.
148 5211 217 5267 Fere
231 5226 299 5282 ergo
313 5204 495 5264 Theodosius
511 5219 621 5276 prunas
639 5217 734 5274 pruna
747 5205 897 5274 tempera-

68 5284 122 5350 vit,
140 5282 209 5364 quia
224 5299 275 5355 per
295 5279 470 5345 doctrinam,
495 5290 584 5347 quani
610 5272 761 5354 didicerat,
778 5274 853 5331 iram
869 5278 898 5330 et

70 5353 225 5410 libidinem
241 5350 357 5408 devicit.
369 5351 483 5405 Rursus
497 5361 591 5419 pruna
603 5360 724 5416 pruinas
739 5345 897 5414 edomavit,

71 5426 142 5498 quia
151 5442 203 5496 per
212 5426 310 5496 ignem
322 5420 454 5476 caritatis
463 5416 616 5499 segnitiem
624 5415 798 5471 etaccidiam
811 5433 896 5489 supe·

71 5496 157 5553 ravit.
174 5498 241 5548 Hec
256 5493 402 5564 siquidem
415 5490 472 5544 duo
483 5489 554 5544 vitia
566 5488 639 5543 bene
653 5486 765 5558 pruine
780 5504 897 5560 compa·

72 5573 187 5636 rantur,
204 5565 273 5638 quia
288 5560 448 5636 prudentie
464 5561 562 5686 ignem
579 5557 700 5613 minime
713 5558 833 5689 ⁰⁸fl¹¹¹¹l
846 5574 899 5615 na-

72 5637 210 5703 turaliter
223 5636 312 5695 etiam
320 5635 351 5691 in
359 5630 472 5705 corpori
495 5647 530 5688 us
538 5629 736 5694 hominemex
758 5630 900 5708 rigidissi-

215 5770 350 5837 Peraoa.
372 5762 530 5846 cxxxiv,

947 4848 1020 4904 verit
1036 4847 1172 4919 cogitare.

984 4919 1075 4990 (1661)
1106 4916 1308 4998 Hemicadium
1336 4923 1381 4973 est
1407 4937 1458 4977 vas
1482 4921 1641 4979 olearium:
1664 4923 1772 4978 dicitur

949 4994 1046 5045 autem
1071 4987 1268 5045 hemicadium
1295 5004 1328 5044 co
1344 4992 1421 5061 quod
1452 5009 1509 5048 non
1530 4994 1649 5066 plenum
1665 4994 1770 5049 cadum

950 5061 1114 5127 contineat;
1131 5060 1222 5114 cadus
1237 5059 1346 5132 quippe
1361 5061 1458 5119 Grece
1468 5067 1610 5138 amphora
1624 5069 1680 5120 est.

986 5132 1077 5202 (1662)
1094 5131 1136 5185 116
1152 5135 1343 5202 augmentum
1355 5134 1472 5204 quidem
1484 5152 1542 5192 sue
1558 5133 1770 5206 invidiaeque·

951 5203 1021 5276 quid
1038 5202 1205 5266 comedunt,
1222 5201 1251 5257 in
1267 5200 1486 5288 lelledestillat.
1576 5275 1602 5287 ..

952 5273 1773 5430 a‘itittititttttettit?attulissetis

952 5417 1775 5570 66666661661666666666

953 5559 1072 5614 modum
1089 5558 1215 5632 cylindri
1241 5575 1293 5631 per
1316 5557 1424 5616 limites
1447 5575 1561 5618 verrere
1575 5559 1709 5620 solebant
1722 5575 1777 5638 pro

953 5629 1058 5708 pluvie
1073 5630 1285 5689 commutanda
1298 5629 1407 5713 inopia.

1602 5763 1643 5841 28
