3908 6096
121 247 180 306 713
429 246 639 310 expostulo
660 247 699 309 lu
724 247 938 311 uutsuuuas
959 248 1089 312 uuum.
1106 283 1144 298 -
1160 251 1199 313 lu
1222 252 1348 316 uulsa.
1371 258 1423 317 ΑΙ)
1445 257 1522 319 Tl'l.
1763 268 1823 328 its

158 402 173 429 a
184 380 237 442 Oui
250 378 330 434 dedit
341 379 533 451 semetipsum
544 395 596 451 pro
606 378 700 434 nobis.
715 403 726 432 ι
741 378 771 434 Si
782 378 831 434 ille
844 384 947 435 semet·
962 383 988 448 Α
1005 382 1108 448 luerat,
1120 398 1155 437 ne
1164 384 1188 438 si
1196 385 1261 455 plus
1268 387 1351 457 justo
1362 387 1574 460 infervesceret,
1582 408 1639 448 non
1650 394 1686 449 ad
1697 395 1822 452 salutem

122 469 220 541 ipsum
237 468 327 538 dedit,
344 467 398 524 boc
414 474 469 533 est,
484 467 715 539 crucifigendum
742 483 773 523 se
788 467 946 540 impiorum
1001 468 1153 526 vulnerata
1164 473 1377 537 reduceret,eed
1389 478 1822 542 sanavulneraret.Gurandum

123 558 262 614 manibus
273 556 389 628 obtulit,
401 562 429 611 et
439 559 523 612 Pater
533 573 600 611 eum
613 556 742 619 tradidit,
751 557 821 629 quia
831 556 948 629 proprio
1003 566 1268 632 quoquequautum
1280 561 1446 635 loquamur,
1458 583 1504 634 ue,
1515 568 1584 637 sici,
1594 571 1823 641 quimultaierre

125 646 196 703 uilio
216 664 275 703 nou
290 645 428 718 pepercit,
446 647 496 701 sed
513 662 564 717 pro
581 645 665 701 nobis
681 646 819 702 omnibus
829 646 949 701 tradidit
1003 663 1060 701 non
1072 648 1157 716 ualet,
1167 650 1300 719 verbum,
1311 653 1355 708 vel
1367 654 1587 728 exhortationis,
1598 659 1822 735 velincrepatio·

123 736 209 792 illum
222 739 309 809 (Rom.
322 736 440 805 v1u,32)
453 753 459 790 :
473 734 539 791 licet
549 735 614 804 ipsa
625 735 722 808 passio
735 734 887 807 prosaiute
900 751 949 791 no·
1003 735 1049 791 nis
1064 734 1181 809 longius
1196 737 1352 813 trahimus,
1369 743 1531 802 auditorem
1547 752 1681 806 nostrum
1692 753 1728 808 ad
1741 753 1824 812 lasti-

123 831 187 885 stra
200 827 286 893 lacta,
303 824 395 881 solius
411 823 474 879 Filii
495 823 638 880 exstiterit
653 824 824 896 personalis,
849 830 948 881 tamen
1003 822 1084 879 dium
1100 825 1306 897 perducemus.

123 913 365 972 salusnostrain
381 913 475 981 Patre,
497 918 526 970 et
541 913 692 970 Filiorum
711 914 824 987 Sptritu
848 919 948 971 saneto
1037 912 1131 984 (1375)
1147 937 1161 963 «
1178 917 1267 971 Nemo
1282 920 1311 971 te
1326 922 1502 978 contemnat.
1517 924 1657 982 »Nolote
1672 927 1761 987 talem
1774 948 1821 989 ex·

123 1003 290 1061 communis
305 1008 359 1058 est.
1003 998 1115 1069 hibeas,
1132 1006 1164 1057 ut
1178 1003 1274 1074 passis
1290 1005 1430 1080 abaliquo
1444 1011 1547 1069 merito
1557 1018 1737 1075 contemnui.
1749 1020 1825 1095 Ergo

163 1117 173 1142 ι
190 1092 289 1148 Utnos
301 1091 457 1148 redimeret
467 1092 503 1148 ab
514 1091 593 1147 omui
605 1091 771 1164 iniquitate,
782 1113 796 1143 »
806 1093 833 1147 id
846 1097 899 1158 est,
912 1092 947 1146 ab
1004 1105 1067 1160 quae
1080 1107 1158 1146 nunc
1173 1092 1208 1147 ed
1223 1091 1321 1150 Titum
1336 1097 1465 1169 ponitur,
1480 1098 1564 1158 illum
1580 1119 1701 1162 sensum
1716 1106 1823 1165 habet:

122 1178 950 1253 omnibusactualibusetorigiualibuspeccatisrtudiaot
1004 1194 1218 1254 nemoeorum,
1251 1183 1300 1254 qui
1330 1184 1359 1240 in
1385 1186 1514 1244 Ecclesia
1536 1195 1616 1264 sunt,
1642 1197 1670 1249 tc
1695 1197 1824 1270 segniter

121 1270 184 1325 haec
197 1268 246 1339 qui
261 1269 297 1323 de
313 1267 439 1341 propriis
453 1268 566 1324 meritis
582 1267 761 1324 extolluntur
772 1287 778 1338 ;
790 1269 859 1341 quie
880 1285 948 1340 pro·
1003 1271 1108 1340 agente
1122 1269 1165 1325 sic
1179 1270 1269 1339 vivat,
1285 1275 1318 1327 ut
1331 1288 1363 1328 se
1379 1279 1460 1344 putet
1474 1292 1539 1334 esse
1552 1278 1713 1340 meliorem.
1726 1285 1825 1352 Qualis

122 1363 223 1430 pterea
236 1346 369 1412 Christus
384 1373 436 1428 pro
451 1357 551 1429 impiis
567 1362 701 1414 mortuus
715 1361 770 1424 est,
795 1363 827 1412 ut
842 1374 895 1414 nos
912 1357 948 1412 ab
1004 1357 1082 1412 enim
1098 1358 1249 1416 edificatio
1264 1361 1320 1417 erit
1334 1361 1483 1437 discipuli,
1500 1367 1525 1423 si
1536 1368 1673 1444 intelligit
1683 1375 1825 1447 magistro

123 1447 205 1503 omni
221 1445 374 1517 iniquitate
383 1444 529 1500 liberaret.
1004 1448 1252 1517 suessemaJ'orem
1264 1449 1278 1503 t
1288 1449 1369 1506 Unde
1380 1469 1437 1509 non
1449 1453 1545 1512 solum
1556 1459 1694 1532 episcopi,
1707 1465 1827 1536 presby-

163 1559 177 1586 «
189 1535 223 1590 ut
234 1536 388 1589 mundaret
401 1533 457 1589 sibi
469 1535 610 1606 populum
622 1534 839 1606 acceptabilem,
856 1540 949 1592 secta·
1003 1534 1068 1604 teri,
1084 1541 1113 1590 et
1128 1535 1241 1592 diaconi
1263 1538 1370 1595 debent
1396 1558 1573 1617 magnopere
1601 1548 1768 1620 previdere,
1794 1555 1826 1608 ut

124 1630 225 1682 torum
235 1624 538 1694 bonorumoperum.»
548 1623 678 1695 Populus
687 1624 948 1696 acceptabilisDeo,
1004 1628 1142 1680 cunctum
1158 1625 1310 1698 populum,
1323 1627 1369 1684 cui
1380 1631 1548 1705 president,
1556 1639 1784 1711 conversatione,
1796 1644 1826 1697 et

125 1712 949 1785 sectatoroperumbonorumest,quiexbouisoperibus
1005 1727 1140 1769 sermone
1155 1715 1468 1793 praecedant;verum,
1485 1726 1514 1777 et
1529 1721 1676 1782 inferioris
1704 1729 1825 1802 gradus,
1938 1718 1942 1727 ¹

124 1820 183 1859 nou
199 1800 389 1866 extolluntur,
405 1801 455 1856 sed
471 1818 504 1856 ex
519 1818 562 1872 eo,
578 1803 656 1874 quod
673 1804 783 1858 bonum
798 1808 899 1875 agunt,
920 1804 950 1858 in
1006 1801 1166 1868 exorcistae,
1183 1803 1315 1872 lectores,
1331 1807 1441 1876 editui,
1458 1813 1486 1865 et
1506 1827 1609 1870 omnes
1635 1817 1765 1886 omnino,
1777 1819 1828 1892 qui

126 1891 248 1950 Domino
263 1889 437 1963 gloriantur,
452 1896 481 1945 et
492 1907 549 1946 non
565 1891 595 1945 in
611 1908 642 1947 se
656 1891 740 1965 ipsis.
1005 1889 1107 1946 domui
1124 1891 1171 1947 Dei
1187 1894 1326 1949 serviunt.
1357 1895 1430 1961 Quia
1458 1898 1644 1959 vehementer
1666 1904 1826 1964 Ecclesiam

161 2003 174 2030 a
188 1980 254 2035 Haee
268 1978 398 2049 loquere,
412 1984 441 2034 et
455 1978 618 2050 exhortare,
635 1985 663 2035 et
677 1997 767 2054 argue
782 1998 848 2037 cum
870 1981 951 2037 omui
988 2044 991 2050 ,
1005 1977 1112 2035 Christi
1124 1981 1260 2051 destruit,
1273 1982 1408 2041 meliores
1418 1985 1581 2047 laicosesse
1592 2006 1681 2063 quarn
1696 1993 1827 2052 clericos.

127 2068 289 2142 imperio.»
305 2068 367 2125 Non
383 2068 612 2125 dominationem
629 2071 775 2141 potentia,
791 2066 951 2126 sedaueto·
1042 2072 1119 2135 (Car.
1137 2069 1196 2141 ΙΙΙ.)
1208 2093 1222 2121 «
1236 2071 1365 2128 admone
1376 2071 1452 2142 illos,
1464 2077 1830 2156 principibus,etpctesta·

127 2159 247 2214 ritatem
263 2157 369 2213 suadet
394 2158 469 2212 vitre.
492 2160 564 2213 Cum
589 2158 669 2213 omni
697 2158 819 2232 imperio
843 2159 952 2232 quippe
1008 2157 1087 2213 tibus
1099 2158 1232 2215 subditos
1244 2175 1318 2216 esse.
1332 2182 1346 2210 »
1357 2160 1553 2225 Quiadixerat
1564 2184 1571 2223 :
1583 2169 1829 2242 «Admoneillcs,

125 2245 453 2318 docetur,quodprius
472 2247 579 2319 agitur,
609 2263 697 2319 quam
722 2247 847 2304 dicatur.
878 2248 950 2304 Nam
1007 2245 1200 2318 principibus,
1214 2251 1243 2303 et
1252 2249 1831 2332 potestatibussubditosesse,·poterat

125 2335 427 2394 doctrinasnbtrahit
458 2336 606 2402 fiduciam,
635 2337 752 2408 quando
775 2337 952 2394 conscientia
1008 2334 1065 2401 bis,
1082 2335 1132 2406 qui
1148 2340 1294 2393 tormenta
1308 2338 1477 2409 formidant,
1489 2345 1602 2402 occasio
1613 2347 1648 2402 ad
1661 2350 1830 2422 negandum

126 2426 268 2501 praepedit
278 2424 420 2498 linguam.
439 2425 501 2480 Non
516 2441 584 2498 ergo
597 2425 623 2480 ei
634 2429 807 2497 potestatem
817 2425 898 2481 elata
909 2425 951 2481 lo·
1008 2422 1081 2488 dari,
1093 2424 1163 2479 dum
1172 2426 1258 2496 juxta
1266 2428 1397 2499 Apostoli
1407 2430 1530 2501 dictum,
1542 2449 1574 2490 se
1584 2440 1830 2511 assererentprin·

127 2513 320 2584 cottoniased
329 2514 411 2569 bonas
421 2513 559 2568 fiduciam
570 2512 952 2570 insinuavitactionis.Unde
1007 2510 1152 2583 cipatibus
1165 2518 1194 2569 et
1210 2517 1404 2586 potestatibus
1419 2536 1483 2577 esee
1498 2522 1656 2595 subjectos,
1683 2531 1712 2580 et
1735 2528 1829 2586 lacere

124 2605 213 2659 etiam
230 2603 264 2658 dc
280 2601 404 2657 Domino
416 2600 556 2674 scriptum
571 2606 653 2657 esta<
666 2601 821 2657 uratenirn
832 2602 949 2670 docens,
1006 2598 1084 2670 quud
1095 2601 1253 2671 iuberent:
1269 2608 1422 2677 propterca
1436 2608 1577 2679 subiecit:

123 2693 201 2749 sicut
212 2696 384 2764 potestatem
399 2691 511 2747 babens
521 2690 628 2761 (uerit.
640 2707 689 2746 vu.
700 2691 760 2762 29);
774 2691 856 2746 llere.
870 2708 889 2758 1,
900 2691 949 2760 22;
1043 2709 1057 2737 u
1074 2687 1155 2745 Dicto
1170 2691 1297 2760 obedire,
1313 2693 1350 2748 ad
1365 2710 1467 2752 omues
1482 2714 1556 2770 opus
1571 2700 1682 2757 bonum
1710 2708 1828 2776 paratos

122 2787 201 2839 gne„
218 2799 255 2848 ιν,
272 2781 317 2851 32)
331 2798 338 2847 ;
352 2802 366 2830 »
382 2797 439 2835 non
456 2780 533 2836 sieut
546 2779 651 2836 Scriba
667 2783 695 2835 et
718 2779 867 2838 Pbarisaei.
888 2779 952 2837 Sin·
1005 2792 1080 2833 esse.
1093 2800 1107 2826 a
1123 2778 1246 2836 Obedire
1257 2781 1292 2836 ad
1304 2787 1603 2860 omneopusbonum;
1617 2791 1642 2847 si
1654 2791 1828 2861 bonumest,

122 2871 400 2945 gulariternamque
411 2886 444 2924 ac
458 2869 658 2941 principaliter
668 2868 748 2925 solus
762 2885 796 2924 ex
809 2874 951 2941 potestate
1008 2865 1085 2937 quod
1103 2867 1233 2940 praecipit
1243 2867 1415 2941 imperator,
1431 2878 1460 2929 et
1474 2878 1733 2948 prases,jubentis
1744 2880 1829 2938 obse·

123 2963 200 3018 bona
215 2959 331 3015 locutus
346 2964 400 3026 est,
418 2957 487 3030 quia
501 2975 535 3014 ex
562 2957 743 3027 infirmitate,
769 2957 847 3014 mala
871 2957 951 3013 nulla
1006 2971 1096 3025 quere
1111 2954 1253 3012 voluntati
1267 2975 1276 3023 :¹
1290 2958 1335 3013 sin
1352 2976 1418 3016 vcro
1434 2962 1556 3034 malum,
1573 2971 1601 3022 et
1614 2972 1716 3025 contra
1737 2974 1829 3027 Deum

124 3049 283 3106 commisit.
301 3049 340 3102 Ex
355 3046 518 3101 divinitatis
534 3046 643 3118 quippe
653 3046 785 3117 potentia
796 3045 899 3101 habuit
909 3045 949 3112 id,
1006 3042 1095 3116 sapit,
1111 3045 1254 3115 responde
1269 3047 1294 3101 ei
1310 3046 1382 3104 illud
1400 3050 1435 3107 de
1450 3054 1575 3111 Actibus
1603 3057 1804 3128 apostolorum
1821 3076 1828 3116 :

124 3139 202 3210 quod
218 3137 303 3193 nobis
319 3153 370 3209 per
388 3135 565 3190 humilitatis
580 3151 639 3189 suae
656 3134 854 3190 innocentiam
868 3120 987 3191 mini-C
1008 3153 1022 3180 a
1039 3130 1163 3186 Obedire
1191 3138 1303 3205 oportet
1325 3136 1383 3193 Deo
1411 3140 1516 3213 magis,
1544 3159 1631 3214 quam
1658 3145 1829 3204 bominibus

124 3227 239 3282 stravit.
257 3221 598 3300 Noscuim,quiinl1rmi
613 3222 749 3277 homines
760 3239 873 3293 sumus,
885 3239 952 3276 cum
1008 3219 1076 3289 (Act.
1093 3237 1122 3291 ν,
1136 3221 1191 3290 29).
1205 3243 1219 3270 »
1233 3226 1292 3278 Hoc
1307 3224 1404 3297 ipsum
1421 3233 1449 3284 et
1464 3229 1500 3285 dc
1515 3231 1606 3287 servis
1629 3220 1829 3308 intelligamus

125 3316 162 3371 de
177 3316 236 3372 Deo
248 3314 418 3369 hominibus
430 3312 588 3383 loquimur,
600 3310 745 3366 debemus
754 3310 883 3383 primurn
891 3325 952 3366 me·
1008 3308 1087 3380 apud
1098 3308 1243 3378 dominos,
1255 3312 1328 3368 etde
1343 3316 1482 3374 uxoribus
1493 3320 1665 3392 apudviros,
1679 3327 1708 3377 et
1716 3325 1752 3380 de
1763 3323 1832 3381 tiliis

125 3405 251 3460 minisse
267 3403 346 3474 quod
363 3417 478 3464 sumus,
492 3404 569 3455 uter
579 3400 874 3472 propriainfirmitatc
886 3416 955 3472 peu·
1008 3396 1084 3468 apud
1101 3401 1251 3469 parentes:
1269 3402 1346 3472 quod
1363 3403 1392 3460 in
1404 3404 1464 3462 illis
1476 3410 1832 3470 tantumdebeantdomi·

123 3509 238 3559 samm,
253 3507 309 3562 quo
323 3490 445 3546 docendi
459 3488 560 3545 ordine
571 3488 954 3545 infirmislratribuscoosu·
1009 3486 1067 3555 nis,
1082 3486 1163 3556 viris,
1179 3490 1350 3560 parentibus
1364 3507 1429 3551 esse
1444 3497 1659 3572 subiectique
1672 3506 1773 3558 contra
1783 3502 1835 3560 Dei

125 3584 237 3638 lamus.
254 3578 478 3634 Consideremus
494 3577 584 3649 igitur
598 3577 677 3649 quia,
694 3581 744 3632 aut
756 3575 952 3648 talessumus,
1009 3577 1148 3632 mandata
1159 3593 1216 3632 uon
1226 3579 1354 3636 veniant.
1366 3584 1447 3648 Quod
1458 3587 1679 3659 verosequitur:
1691 3611 1704 3644 a
1715 3590 1834 3649 Paratus

126 3668 231 3742 quales
247 3666 403 3722 nonnullos
417 3666 594 3740 corrigimus
623 3671 675 3721 aut
698 3665 771 3721 tales
795 3666 953 3740 aliquando
1009 3680 1083 3734 esse,
1096 3687 1110 3714 u
1127 3666 1282 3740 dupliciter
1296 3668 1464 3744 legendum,
1481 3675 1567 3733 utvel
1580 3677 1783 3752 subaudiatur,
1796 3681 1832 3737 ad

126 3759 251 3825 suimus,
268 3761 297 3812 et
311 3756 401 3827 sijam
414 3754 826 3828 diviuagratiaoperantenon
838 3770 953 3820 sumus,
1009 3768 1096 3807 omne
1111 3769 1184 3825 opus
1200 3755 1310 3813 bonum
1326 3764 1443 3830 paratos
1454 3778 1533 3832 ssse;
1556 3765 1687 3823 veluerte
1698 3785 1766 3824 eum
1782 3787 1832 3824 su-

126 3852 161 3902 nt
175 3851 257 3902 tanto
273 3844 488 3917 temperantius
513 3843 600 3899 corde
629 3842 734 3897 humili
761 3843 953 3914 corrigamus,
1009 3841 1314 3916 purioribuscopulato
1325 3846 1390 3914 hoc,
1403 3851 1561 3920 quodait,«
1574 3854 1691 3911 obedire
1702 3857 1737 3912 ad
1747 3874 1834 3915 omne

126 3941 239 4008 quanto
256 3933 457 4005 nosmetipsos
472 3933 501 3986 in
517 3931 652 4003 iisll‘dil)
666 3947 739 4002 quos
750 3932 953 3987 emendemus.
1010 3946 1083 4000 opus
1096 3930 1217 4002 bonum,
1232 3955 1245 3981 a
1262 3939 1290 3989 et
1300 3932 1357 3990 buc
1369 3953 1462 4008 usque
1473 3939 1565 4011 finito,
1577 3943 1662 4013 quasi
1675 3944 1753 4000 aliud
1767 3963 1834 4018 pro·

126 4025 366 4097 agnoscimusst
383 4025 482 4078 autem
496 4018 570 4076 tales
586 4035 759 4088 necsumus,
772 4019 954 4087 nccloimus,
1012 4018 1107 4090 prium
1127 4025 1156 4074 et
1172 4021 1298 4092 speciale
1313 4030 1492 4097 preceptum
1507 4028 1555 4084 sit.
1572 4036 1713 4103 «paratos
1733 4048 1807 4106 esse,
1820 4057 1834 4085 »

127 4112 233 4186 quales
248 4113 403 4168 adhucaut
414 4109 456 4165 illi
466 4114 545 4177 sunt,
555 4126 629 4181 quos
639 4108 795 4164 emendare
810 4108 955 4180 cupimus,
1007 4107 1093 4178 juxta
1108 4106 1193 4177 illud.
1210 4110 1287 4182 quud
1303 4111 1332 4166 in
1347 4112 1471 4171 Levitico
1495 4118 1639 4190 scriptum
1657 4125 1720 4177 est:
1745 4142 1755 4170 ι
1772 4123 1836 4179 Hir·

128 4219 166 4258 ne
178 4218 227 4257 cor
242 4207 373 4257 nostrum
386 4201 458 4256 torte
470 4199 708 4271 superbiat,etde
721 4198 958 4272 ipsainnocentia
1012 4211 1079 4250 cum
1093 4197 1143 4268 qui
1159 4198 1314 4269 emittitur,
1331 4201 1487 4261 maledicta
1507 4208 1606 4280 populi
1630 4211 1836 4280 sustinentem,

128 4291 216 4363 pejus
232 4295 307 4360 ruat,
325 4306 451 4362 quorum
472 4288 551 4343 mala
566 4288 752 4360 corrigimus,
777 4287 835 4343 alia
856 4304 957 4342 eorum
1012 4284 1088 4340 tradi
1105 4285 1134 4340 in
1150 4304 1256 4345 munus
1271 4288 1400 4347 bominis
1415 4295 1507 4364 parati
1523 4297 1620 4365 (tevit.
1638 4316 1695 4369 xvi,
1717 4302 1772 4371 21).
1788 4323 1802 4350 ι»

128 4382 208 4435 bona
223 4379 307 4433 nobis
323 4384 391 4434 aute
406 4377 506 4434 oculos
516 4393 695 4432 revocemus.
707 4377 892 4432 Pensandum
904 4393 957 4432 no·
1050 4396 1064 4422 u
1081 4374 1233 4432 Neminem
1247 4377 1563 4455 blasphemareusuo).
1577 4409 1591 4436 n
1604 4387 1633 4442 ld
1646 4395 1700 4454 est,
1713 4388 1840 4446 necillos

129 4469 178 4522 bis
195 4483 310 4539 quoque
321 4471 365 4523 eet
374 4465 501 4538 qualiter
512 4465 684 4537 loquamur:
698 4481 766 4520 nam
777 4465 958 4537 sapeverba,
976 4484 999 4550 D
1017 4461 1286 4538 blasphemare,qui
1295 4467 1494 4541 blasphemari
1504 4480 1669 4539 merentum
1680 4478 1730 4533 sed
1742 4478 1841 4550 potius

130 4555 343 4629 quaehuucad
361 4556 649 4621 salutemrevccant,
677 4552 768 4609 alium
793 4554 958 4610 vulnerant.
1016 4550 1089 4607 illud
1106 4551 1239 4623 implere,
1255 4558 1333 4627 quod
1348 4557 1425 4614 idem
1437 4560 1592 4633 Apostolus
1604 4563 1660 4619 alio
1671 4553 1847 4639 locoprreciss

131 4645 217 4702 Unde
229 4644 334 4701 Paulus
343 4662 460 4718 quoque
471 4643 630 4716 apostolus,
641 4643 691 4717 qui
703 4643 803 4699 Titum
815 4644 961 4713 admonet,
1017 4641 1062 4711 pit
1077 4640 1176 4696 dicens
1190 4660 1196 4698 :
1211 4666 1224 4693 a
1237 4643 1402 4702 Benedicite
1412 4651 1656 4722 persequentibus
1670 4670 1721 4710 vos
1733 4673 1740 4724 ;
1753 4656 1841 4713 bene·

131 4736 238 4790 dicens
255 4751 262 4790 ς
280 4757 294 4785 «
310 4737 406 4807 Argue
421 4751 489 4790 cum
504 4734 584 4789 omni
601 4733 735 4805 imperio,
748 4755 762 4782 »
775 4733 962 4789 Timotheum
1019 4727 1117 4797 dicite,
1133 4735 1162 4786 et
1179 4731 1267 4788 nolite
1283 4734 1457 4793 maledicere
1472 4740 1558 4808 (Rem.
1569 4757 1621 4809 xu,
1638 4742 1693 4815 ΙΙ).
1709 4765 1724 4794 »

133 4824 318 4890 exhortatur,
334 4825 453 4880 dicens:
477 4847 491 4874 a
507 4825 615 4895 Argue,
639 4823 769 4894 obsecra,
794 4823 911 4896 increpa
934 4825 964 4878 in
1055 4841 1069 4867 «
1086 4818 1149 4876 Non
1164 4819 1309 4893 litigiosos
1325 4840 1400 4891 esse,
1417 4827 1468 4882 sed
1484 4829 1642 4886 modestos.
1658 4854 1668 4881 ι
1682 4832 1841 4907 Litigiosus

133 4914 217 4969 omni
233 4914 383 4986 patientia,
400 4918 427 4969 et
443 4913 574 4969 doctrina
589 4911 626 4983 (ll
641 4913 707 4966 lim.
733 4929 771 4982 iv,
798 4912 836 4983 2).
849 4934 862 4961 a
890 4912 963 4977 Quid
1021 4912 1118 4963 autem
1135 4914 1189 4980 est,
1207 4912 1257 4982 qui
1273 4912 1384 4970 malum
1401 4932 1452 4987 pro
1463 4918 1540 4974 malo
1554 4920 1713 4989 reddendo,
1724 4940 1782 4978 non
1794 4939 1842 4977 ex-

134 4998 192 5058 est,
210 4995 288 5065 quod
303 4993 352 5049 uui
361 4992 528 5066 imperium,
537 4996 564 5047 et
576 4992 625 5046 atii
638 4992 810 5063 patientiam
824 4992 964 5065 precipit,
1021 4997 1157 5069 stinguit,
1167 4999 1359 5072 sedprovocat
1370 5001 1617 5066 litemltlodestus
1629 5015 1683 5079 est,
1694 5009 1842 5083 quimitis,

135 5081 193 5139 nisi
211 5082 288 5153 quod
306 5098 397 5137 unum
413 5081 543 5150 lenioris,
561 5079 686 5135 alterum
702 5096 769 5136 vero
785 5080 966 5137 ferventioris
1023 5087 1270 5159 ettruuquillusin
1282 5090 1398 5162 injuriis
1414 5096 1588 5167 persistit3et
1600 5115 1657 5154 non
1674 5099 1769 5154 solum
1786 5114 1845 5155 non

134 5171 262 5243 spiritus
277 5187 341 5226 esse
356 5170 515 5242 conspexit.
533 5169 603 5224 Leni
620 5185 672 5241 per
692 5170 895 5225 auctoritatem
910 5169 966 5225 im·
1022 5176 1118 5231 reddit
1129 5177 1238 5234 malum
1253 5196 1304 5250 pro
1315 5182 1461 5252 malo,sed
1472 5186 1560 5242 etiam
1573 5204 1624 5259 pro
1637 5186 1712 5243 malo
1723 5187 1844 5256 bonum,

136 5260 213 5334 perii
228 5260 409 5333 injungenda
422 5264 484 5316 erat
498 5259 636 5315 severitas
647 5259 728 5316 verbi
739 5276 746 5314 :
757 5259 783 5314 is
794 5262 905 5328 autem,
917 5259 967 5331 qui
1059 5287 1072 5314 a
1086 5265 1387 5329 Adomneshomines.
1399 5295 1413 5323 »
1424 5274 1846 5343 Ncnsolumbonis,sedetiam

137 5349 342 5424 perspiritum
358 5348 499 5416 fervebat,
511 5365 563 5422 per
574 5349 746 5422 patientiam
758 5351 970 5424 temperandus
1024 5353 1120 5425 malis,
1135 5359 1168 5411 ut
1181 5355 1296 5416 vincere
1310 5361 1428 5421 studeat
1442 5363 1472 5420 in
1488 5363 1564 5420 bono
1575 5360 1679 5422 malos.

174 5458 271 5607 ἓξὲξ)
285 5457 358 5586 limo
372 5458 402 5514 iu
418 5457 466 5527 iis,
481 5457 511 5513 in
527 5461 625 5530 autog.
641 5458 744 5514 verim.
1059 5460 1152 5536 (1376)
1166 5462 1187 5518 Α
1211 5504 1218 5524 .

285 5659 418 5722 Person.
442 5657 601 5722 CXXXIV.
