<?xml version="1.0" encoding="UTF-8"?>
<!DOCTYPE html PUBLIC "-//W3C//DTD XHTML 1.0 Transitional//EN"
    "http://www.w3.org/TR/xhtml1/DTD/xhtml1-transitional.dtd">
<html xmlns="http://www.w3.org/1999/xhtml" xml:lang="en" lang="en">
 <head>
  <title>
</title>
<meta http-equiv="Content-Type" content="text/html;charset=utf-8" />
  <meta name='ocr-system' content='tesseract 3.04.00' />
  <meta name='ocr-capabilities' content='ocr_page ocr_carea ocr_par ocr_line ocrx_word'/>
</head>
<body>
  <div class='ocr_page' id='page_1' title='image "./patrologiaecurs77unkngoog/patrologiaecurs77unkngoog_0338.png"; bbox 0 0 3908 6096; ppageno 0'>
   <div class='ocr_carea' id='block_1_1' title="bbox 87 289 1825 372">
    <p class='ocr_par' dir='ltr' id='par_1_1' title="bbox 87 289 1825 372">
     <span class='ocr_line' id='line_1_1' title="bbox 87 289 1825 372; baseline -0.005 0"><span class='ocrx_word' id='word_1_1' title='bbox 87 289 91 297; x_wconf 85' lang='grc'><strong>’</strong></span> <span class='ocrx_word' id='word_1_2' title='bbox 124 311 182 372; x_wconf 81' lang='lat' dir='ltr'><strong>su</strong></span> <span class='ocrx_word' id='word_1_3' title='bbox 629 301 796 365; x_wconf 73' lang='lat' dir='ltr'><strong>arronis</strong></span> <span class='ocrx_word' id='word_1_4' title='bbox 819 298 1115 362; x_wconf 72' lang='lat' dir='ltr'><strong>carcassensis</strong></span> <span class='ocrx_word' id='word_1_5' title='bbox 1135 298 1312 362; x_wconf 80' lang='lat' dir='ltr'><strong>nerscorr</strong></span> <span class='ocrx_word' id='word_1_6' title='bbox 1768 302 1825 363; x_wconf 80' lang='lat' dir='ltr'><strong>cis</strong></span> 
     </span>
    </p>
   </div>
   <div class='ocr_carea' id='block_1_2' title="bbox 115 433 1829 1844">
    <p class='ocr_par' dir='ltr' id='par_1_2' title="bbox 124 433 1829 1140">
     <span class='ocr_line' id='line_1_2' title="bbox 125 433 1829 512; baseline -0.005 -13"><span class='ocrx_word' id='word_1_7' title='bbox 125 449 239 508; x_wconf 87' lang='lat' dir='ltr'><strong>testem,</strong></span> <span class='ocrx_word' id='word_1_8' title='bbox 253 442 321 512; x_wconf 89' lang='lat' dir='ltr'><strong>quia</strong></span> <span class='ocrx_word' id='word_1_9' title='bbox 332 440 410 496; x_wconf 93' lang='lat' dir='ltr'><strong>istud</strong></span> <span class='ocrx_word' id='word_1_10' title='bbox 425 443 454 495; x_wconf 89' lang='lat' dir='ltr'><strong>et</strong></span> <span class='ocrx_word' id='word_1_11' title='bbox 469 439 556 495; x_wconf 89' lang='lat' dir='ltr'><strong>corde</strong></span> <span class='ocrx_word' id='word_1_12' title='bbox 570 437 703 502; x_wconf 82' lang='lat' dir='ltr'><strong>iaciebat,</strong></span> <span class='ocrx_word' id='word_1_13' title='bbox 715 453 772 492; x_wconf 95' lang='lat' dir='ltr'><strong>non</strong></span> <span class='ocrx_word' id='word_1_14' title='bbox 787 433 943 508; x_wconf 79' lang='lat' dir='ltr'><strong>hypocrisi,</strong></span> <span class='ocrx_word' id='word_1_15' title='bbox 960 433 1058 500; x_wconf 57' lang='lat' dir='ltr'><strong>aaut,</strong></span> <span class='ocrx_word' id='word_1_16' title='bbox 1074 435 1236 504; x_wconf 77' lang='lat' dir='ltr'><strong>suscepistis</strong></span> <span class='ocrx_word' id='word_1_17' title='bbox 1257 450 1310 490; x_wconf 89' lang='lat' dir='ltr'><strong>non</strong></span> <span class='ocrx_word' id='word_1_18' title='bbox 1336 439 1367 489; x_wconf 88' lang='lat' dir='ltr'><strong>ut</strong></span> <span class='ocrx_word' id='word_1_19' title='bbox 1389 434 1499 490; x_wconf 73' lang='lat' dir='ltr'><strong>trerbarn</strong></span> <span class='ocrx_word' id='word_1_20' title='bbox 1514 436 1668 507; x_wconf 78' lang='lat' dir='ltr'><strong>nominum,</strong></span> <span class='ocrx_word' id='word_1_21' title='bbox 1684 434 1743 505; x_wconf 81' lang='lat' dir='ltr'><strong>sed,</strong></span> <span class='ocrx_word' id='word_1_22' title='bbox 1759 438 1829 492; x_wconf 79' lang='lat' dir='ltr'><strong>sicst</strong></span> 
     </span>
     <span class='ocr_line' id='line_1_3' title="bbox 125 524 1828 606; baseline -0.005 -17"><span class='ocrx_word' id='word_1_23' title='bbox 125 534 210 606; x_wconf 80' lang='lat' dir='ltr'><strong>quasi</strong></span> <span class='ocrx_word' id='word_1_24' title='bbox 224 538 413 588; x_wconf 90' lang='lat' dir='ltr'><strong>contemnens</strong></span> <span class='ocrx_word' id='word_1_25' title='bbox 425 536 563 603; x_wconf 71' lang='lat' dir='ltr'><strong>pausant</strong></span> <span class='ocrx_word' id='word_1_26' title='bbox 577 528 650 583; x_wconf 86' lang='lat' dir='ltr'><strong>sorte</strong></span> <span class='ocrx_word' id='word_1_27' title='bbox 665 527 750 599; x_wconf 88' lang='lat' dir='ltr'><strong>plura</strong></span> <span class='ocrx_word' id='word_1_28' title='bbox 763 525 945 580; x_wconf 76' lang='lat' dir='ltr'><strong>offerrentur.</strong></span> <span class='ocrx_word' id='word_1_29' title='bbox 1000 527 1040 577; x_wconf 85' lang='lat' dir='ltr'><strong>est</strong></span> <span class='ocrx_word' id='word_1_30' title='bbox 1055 539 1126 587; x_wconf 85' lang='lat' dir='ltr'><strong>uere,</strong></span> <span class='ocrx_word' id='word_1_31' title='bbox 1142 524 1254 578; x_wconf 82' lang='lat' dir='ltr'><strong>uariam</strong></span> <span class='ocrx_word' id='word_1_32' title='bbox 1272 526 1332 589; x_wconf 85' lang='lat' dir='ltr'><strong>Dei,</strong></span> <span class='ocrx_word' id='word_1_33' title='bbox 1348 524 1418 595; x_wconf 80' lang='lat' dir='ltr'><strong>qaod</strong></span> <span class='ocrx_word' id='word_1_34' title='bbox 1432 533 1460 579; x_wconf 90' lang='lat' dir='ltr'><strong>et</strong></span> <span class='ocrx_word' id='word_1_35' title='bbox 1474 534 1603 595; x_wconf 80' lang='lat' dir='ltr'><strong><em>operatur</em></strong></span> <span class='ocrx_word' id='word_1_36' title='bbox 1623 527 1655 579; x_wconf 85' lang='lat' dir='ltr'><strong>in</strong></span> <span class='ocrx_word' id='word_1_37' title='bbox 1677 525 1764 592; x_wconf 73' lang='lat' dir='ltr'><strong>notu,</strong></span> <span class='ocrx_word' id='word_1_38' title='bbox 1779 529 1828 597; x_wconf 83' lang='lat' dir='ltr'><strong>qui</strong></span> 
     </span>
     <span class='ocr_line' id='line_1_4' title="bbox 125 611 1827 692; baseline -0.005 -14"><span class='ocrx_word' id='word_1_39' title='bbox 125 622 207 678; x_wconf 82' lang='lat' dir='ltr'>Unde</span> <span class='ocrx_word' id='word_1_40' title='bbox 217 626 247 675; x_wconf 89' lang='lat' dir='ltr'><strong>et</strong></span> <span class='ocrx_word' id='word_1_41' title='bbox 260 622 340 692; x_wconf 92' lang='lat' dir='ltr'><strong>ipsos</strong></span> <span class='ocrx_word' id='word_1_42' title='bbox 351 619 495 684; x_wconf 89' lang='lat' dir='ltr'><strong>convenit,</strong></span> <span class='ocrx_word' id='word_1_43' title='bbox 509 618 635 677; x_wconf 83' lang='lat' dir='ltr'><strong>scientes</strong></span> <span class='ocrx_word' id='word_1_44' title='bbox 649 632 682 671; x_wconf 90' lang='lat' dir='ltr'><strong>ac</strong></span> <span class='ocrx_word' id='word_1_45' title='bbox 697 616 947 686; x_wconf 68' lang='lat' dir='ltr'><strong>probantesque</strong></span> <span class='ocrx_word' id='word_1_46' title='bbox 1000 611 1166 670; x_wconf 76' lang='lat' dir='ltr'><strong>credidistis.</strong></span> <span class='ocrx_word' id='word_1_47' title='bbox 1183 612 1241 667; x_wconf 87' lang='lat' dir='ltr'><strong>Deo</strong></span> <span class='ocrx_word' id='word_1_48' title='bbox 1260 614 1371 683; x_wconf 82' lang='lat' dir='ltr'><strong>gratias</strong></span> <span class='ocrx_word' id='word_1_49' title='bbox 1387 614 1525 679; x_wconf 78' lang='lat' dir='ltr'><strong>raserunt,</strong></span> <span class='ocrx_word' id='word_1_50' title='bbox 1543 614 1612 685; x_wconf 87' lang='lat' dir='ltr'><strong>quia</strong></span> <span class='ocrx_word' id='word_1_51' title='bbox 1627 613 1745 685; x_wconf 86' lang='lat' dir='ltr'><strong>aperuit</strong></span> <span class='ocrx_word' id='word_1_52' title='bbox 1760 630 1827 670; x_wconf 88' lang='lat' dir='ltr'><strong>sen·</strong></span> 
     </span>
     <span class='ocr_line' id='line_1_5' title="bbox 126 699 1828 774; baseline -0.005 -7"><span class='ocrx_word' id='word_1_53' title='bbox 126 711 198 767; x_wconf 90' lang='lat' dir='ltr'><strong>nulli</strong></span> <span class='ocrx_word' id='word_1_54' title='bbox 209 711 304 766; x_wconf 83' lang='lat' dir='ltr'><strong>fuerat</strong></span> <span class='ocrx_word' id='word_1_55' title='bbox 314 709 461 764; x_wconf 74' lang='lat' dir='ltr'><strong>adulatus.</strong></span> <span class='ocrx_word' id='word_1_56' title='bbox 473 708 586 763; x_wconf 82' lang='lat' dir='ltr'><strong>Pseudo</strong></span> <span class='ocrx_word' id='word_1_57' title='bbox 598 706 676 760; x_wconf 83' lang='lat' dir='ltr'><strong>enirn</strong></span> <span class='ocrx_word' id='word_1_58' title='bbox 687 701 808 773; x_wconf 91' lang='lat' dir='ltr'><strong>apostoli</strong></span> <span class='ocrx_word' id='word_1_59' title='bbox 821 703 945 757; x_wconf 81' lang='lat' dir='ltr'><strong>sormam</strong></span> <span class='ocrx_word' id='word_1_60' title='bbox 1000 716 1066 754; x_wconf 83' lang='lat' dir='ltr'><strong>sum</strong></span> <span class='ocrx_word' id='word_1_61' title='bbox 1077 699 1193 756; x_wconf 88' lang='lat' dir='ltr'><strong>illorum</strong></span> <span class='ocrx_word' id='word_1_62' title='bbox 1202 701 1238 756; x_wconf 88' lang='lat' dir='ltr'><strong>ad</strong></span> <span class='ocrx_word' id='word_1_63' title='bbox 1248 701 1444 772; x_wconf 88' lang='lat' dir='ltr'><strong>recipiendum</strong></span> <span class='ocrx_word' id='word_1_64' title='bbox 1453 702 1828 774; x_wconf 65' lang='lat' dir='ltr'><strong>avangeliumenumolo-</strong></span> 
     </span>
     <span class='ocr_line' id='line_1_6' title="bbox 126 789 1826 869; baseline -0.004 -13"><span class='ocrx_word' id='word_1_65' title='bbox 126 800 251 856; x_wconf 85' lang='lat' dir='ltr'><strong>avaritia</strong></span> <span class='ocrx_word' id='word_1_66' title='bbox 262 799 325 854; x_wconf 86' lang='lat' dir='ltr'><strong>dori</strong></span> <span class='ocrx_word' id='word_1_67' title='bbox 341 798 396 854; x_wconf 83' lang='lat' dir='ltr'>sibi</span> <span class='ocrx_word' id='word_1_68' title='bbox 411 797 562 869; x_wconf 86' lang='lat' dir='ltr'><strong>optabant,</strong></span> <span class='ocrx_word' id='word_1_69' title='bbox 574 800 607 851; x_wconf 92' lang='lat' dir='ltr'><strong>nt</strong></span> <span class='ocrx_word' id='word_1_70' title='bbox 621 794 685 865; x_wconf 87' lang='lat' dir='ltr'><strong>ipsa</strong></span> <span class='ocrx_word' id='word_1_71' title='bbox 700 792 862 858; x_wconf 84' lang='lat' dir='ltr'><strong>occasione,</strong></span> <span class='ocrx_word' id='word_1_72' title='bbox 873 791 944 845; x_wconf 91' lang='lat' dir='ltr'><strong>dum</strong></span> <span class='ocrx_word' id='word_1_73' title='bbox 999 791 1043 844; x_wconf 86' lang='lat' dir='ltr'><strong>ria</strong></span> <span class='ocrx_word' id='word_1_74' title='bbox 1058 789 1135 844; x_wconf 89' lang='lat' dir='ltr'><strong>enim</strong></span> <span class='ocrx_word' id='word_1_75' title='bbox 1152 790 1373 861; x_wconf 81' lang='lat' dir='ltr'><strong>predicantium</strong></span> <span class='ocrx_word' id='word_1_76' title='bbox 1398 796 1452 861; x_wconf 89' lang='lat' dir='ltr'><strong>cst,</strong></span> <span class='ocrx_word' id='word_1_77' title='bbox 1467 807 1535 847; x_wconf 85' lang='lat' dir='ltr'><strong>curn</strong></span> <span class='ocrx_word' id='word_1_78' title='bbox 1561 792 1728 848; x_wconf 86' lang='lat' dir='ltr'><strong>audientes.</strong></span> <span class='ocrx_word' id='word_1_79' title='bbox 1742 792 1826 849; x_wconf 79' lang='lat' dir='ltr'><strong>facile</strong></span> 
     </span>
     <span class='ocr_line' id='line_1_7' title="bbox 124 878 1824 960; baseline -0.005 -15"><span class='ocrx_word' id='word_1_80' title='bbox 124 883 208 945; x_wconf 84' lang='lat' dir='ltr'><strong>veros</strong></span> <span class='ocrx_word' id='word_1_81' title='bbox 240 887 388 960; x_wconf 90' lang='lat' dir='ltr'><strong>apostolos</strong></span> <span class='ocrx_word' id='word_1_82' title='bbox 421 885 519 941; x_wconf 70' lang='lat' dir='ltr'><strong>omitia</strong></span> <span class='ocrx_word' id='word_1_83' title='bbox 551 883 632 938; x_wconf 84' lang='lat' dir='ltr'><strong>illata</strong></span> <span class='ocrx_word' id='word_1_84' title='bbox 665 882 761 936; x_wconf 92' lang='lat' dir='ltr'><strong>vident</strong></span> <span class='ocrx_word' id='word_1_85' title='bbox 795 880 942 950; x_wconf 89' lang='lat' dir='ltr'><strong>sccipore,</strong></span> <span class='ocrx_word' id='word_1_86' title='bbox 999 878 1130 933; x_wconf 89' lang='lat' dir='ltr'><strong>credunt.</strong></span> <span class='ocrx_word' id='word_1_87' title='bbox 1156 879 1249 934; x_wconf 85' lang='lat' dir='ltr'><strong>Tanta</strong></span> <span class='ocrx_word' id='word_1_88' title='bbox 1277 879 1355 934; x_wconf 85' lang='lat' dir='ltr'><strong>eninr</strong></span> <span class='ocrx_word' id='word_1_89' title='bbox 1383 880 1534 936; x_wconf 86' lang='lat' dir='ltr'><strong>devotione</strong></span> <span class='ocrx_word' id='word_1_90' title='bbox 1563 885 1740 952; x_wconf 87' lang='lat' dir='ltr'><strong>receperunt</strong></span> <span class='ocrx_word' id='word_1_91' title='bbox 1763 898 1824 937; x_wconf 81' lang='lat' dir='ltr'><strong>vcr-</strong></span> 
     </span>
     <span class='ocr_line' id='line_1_8' title="bbox 124 966 1825 1052; baseline -0.006 -16"><span class='ocrx_word' id='word_1_92' title='bbox 124 980 237 1052; x_wconf 90' lang='lat' dir='ltr'><strong>possint</strong></span> <span class='ocrx_word' id='word_1_93' title='bbox 251 977 306 1049; x_wconf 92' lang='lat' dir='ltr'><strong>ipsi</strong></span> <span class='ocrx_word' id='word_1_94' title='bbox 332 976 394 1032; x_wconf 88' lang='lat' dir='ltr'><strong>sins</strong></span> <span class='ocrx_word' id='word_1_95' title='bbox 409 974 518 1029; x_wconf 87' lang='lat' dir='ltr'><strong>invidia</strong></span> <span class='ocrx_word' id='word_1_96' title='bbox 533 971 728 1044; x_wconf 89' lang='lat' dir='ltr'><strong>simpliciores</strong></span> <span class='ocrx_word' id='word_1_97' title='bbox 744 969 876 1025; x_wconf 84' lang='lat' dir='ltr'><strong>homines</strong></span> <span class='ocrx_word' id='word_1_98' title='bbox 892 968 943 1023; x_wconf 89' lang='lat' dir='ltr'><strong>de·</strong></span> <span class='ocrx_word' id='word_1_99' title='bbox 999 966 1080 1034; x_wconf 89' lang='lat' dir='ltr'><strong>bum,</strong></span> <span class='ocrx_word' id='word_1_100' title='bbox 1111 971 1144 1021; x_wconf 92' lang='lat' dir='ltr'><strong>ut</strong></span> <span class='ocrx_word' id='word_1_101' title='bbox 1177 968 1334 1038; x_wconf 88' lang='lat' dir='ltr'><strong>probarent</strong></span> <span class='ocrx_word' id='word_1_102' title='bbox 1365 985 1397 1023; x_wconf 89' lang='lat' dir='ltr'><strong>se</strong></span> <span class='ocrx_word' id='word_1_103' title='bbox 1425 966 1603 1025; x_wconf 77' lang='lat' dir='ltr'>intellexisse</span> <span class='ocrx_word' id='word_1_104' title='bbox 1632 969 1684 1025; x_wconf 82' lang='lat' dir='ltr'><strong>ltsi</strong></span> <span class='ocrx_word' id='word_1_105' title='bbox 1713 970 1825 1026; x_wconf 86' lang='lat' dir='ltr'><strong>doctri·</strong></span> 
     </span>
     <span class='ocr_line' id='line_1_9' title="bbox 124 1065 1078 1140; baseline -0.014 -17"><span class='ocrx_word' id='word_1_106' title='bbox 124 1065 257 1140; x_wconf 78' lang='lat' dir='ltr'><strong>praedari.</strong></span> <span class='ocrx_word' id='word_1_107' title='bbox 998 1072 1078 1111; x_wconf 89' lang='lat' dir='ltr'><strong>nam.</strong></span> 
     </span>
    </p>

    <p class='ocr_par' dir='ltr' id='par_1_3' title="bbox 115 1146 1825 1844">
     <span class='ocr_line' id='line_1_10' title="bbox 152 1146 1825 1228; baseline -0.006 -14"><span class='ocrx_word' id='word_1_108' title='bbox 152 1161 192 1215; x_wconf 84' lang='lat' dir='ltr'><strong>Ne</strong></span> <span class='ocrx_word' id='word_1_109' title='bbox 205 1159 401 1228; x_wconf 72' lang='lat' dir='ltr'><strong>querentem</strong></span> <span class='ocrx_word' id='word_1_110' title='bbox 424 1154 553 1208; x_wconf 87' lang='lat' dir='ltr'><strong>omnibns</strong></span> <span class='ocrx_word' id='word_1_111' title='bbox 567 1150 658 1223; x_wconf 75' lang='lat'>(1278)</span> <span class='ocrx_word' id='word_1_112' title='bbox 670 1149 801 1220; x_wconf 74' lang='lat' dir='ltr'><strong>pluriam,</strong></span> <span class='ocrx_word' id='word_1_113' title='bbox 816 1161 903 1217; x_wconf 86' lang='lat' dir='ltr'><strong>nepae</strong></span> <span class='ocrx_word' id='word_1_114' title='bbox 925 1160 942 1199; x_wconf 89' lang='lat' dir='ltr'><strong>a</strong></span> <span class='ocrx_word' id='word_1_115' title='bbox 1035 1146 1180 1210; x_wconf 82' lang='lat' dir='ltr'><strong>Veserim,</strong></span> <span class='ocrx_word' id='word_1_116' title='bbox 1195 1147 1306 1215; x_wconf 78' lang='lat' dir='ltr'><strong>fratres,</strong></span> <span class='ocrx_word' id='word_1_117' title='bbox 1326 1148 1478 1202; x_wconf 86' lang='lat' dir='ltr'><strong>imitatores</strong></span> <span class='ocrx_word' id='word_1_118' title='bbox 1501 1148 1570 1217; x_wconf 70' lang='lat' dir='ltr'><strong>tacti</strong></span> <span class='ocrx_word' id='word_1_119' title='bbox 1593 1149 1660 1204; x_wconf 83' lang='lat' dir='ltr'><strong>estis</strong></span> <span class='ocrx_word' id='word_1_120' title='bbox 1683 1148 1825 1204; x_wconf 76' lang='lat' dir='ltr'><strong>Ecclesia·</strong></span> 
     </span>
     <span class='ocr_line' id='line_1_11' title="bbox 115 1235 1825 1315; baseline -0.005 -13"><span class='ocrx_word' id='word_1_121' title='bbox 115 1247 193 1302; x_wconf 85' lang='lat' dir='ltr'><strong>vobis</strong></span> <span class='ocrx_word' id='word_1_122' title='bbox 217 1260 302 1315; x_wconf 81' lang='lat' dir='ltr'><strong>neqrre</strong></span> <span class='ocrx_word' id='word_1_123' title='bbox 330 1245 363 1298; x_wconf 87' lang='lat' dir='ltr'><strong>ab</strong></span> <span class='ocrx_word' id='word_1_124' title='bbox 389 1243 467 1305; x_wconf 85' lang='lat' dir='ltr'><strong>aliis,</strong></span> <span class='ocrx_word' id='word_1_125' title='bbox 483 1257 547 1295; x_wconf 87' lang='lat' dir='ltr'><strong>cam</strong></span> <span class='ocrx_word' id='word_1_126' title='bbox 568 1253 705 1310; x_wconf 85' lang='lat' dir='ltr'><strong>possemus</strong></span> <span class='ocrx_word' id='word_1_127' title='bbox 729 1251 806 1292; x_wconf 80' lang='lat' dir='ltr'><strong>caera</strong></span> <span class='ocrx_word' id='word_1_128' title='bbox 829 1250 896 1301; x_wconf 89' lang='lat' dir='ltr'><strong>csse,</strong></span> <span class='ocrx_word' id='word_1_129' title='bbox 912 1237 944 1288; x_wconf 83' lang='lat' dir='ltr'><strong>ar</strong></span> <span class='ocrx_word' id='word_1_130' title='bbox 997 1235 1291 1306; x_wconf 72' lang='lat' dir='ltr'><strong>rumllei,qusesant</strong></span> <span class='ocrx_word' id='word_1_131' title='bbox 1312 1235 1545 1306; x_wconf 69' lang='lat' dir='ltr'><strong>intactamque</strong></span> <span class='ocrx_word' id='word_1_132' title='bbox 1567 1246 1632 1293; x_wconf 87' lang='lat' dir='ltr'><strong>sant</strong></span> <span class='ocrx_word' id='word_1_133' title='bbox 1656 1237 1688 1292; x_wconf 85' lang='lat' dir='ltr'><strong>in</strong></span> <span class='ocrx_word' id='word_1_134' title='bbox 1715 1237 1825 1294; x_wconf 72' lang='lat' dir='ltr'><strong>Christo</strong></span> 
     </span>
     <span class='ocr_line' id='line_1_12' title="bbox 118 1323 1825 1405; baseline -0.004 -14"><span class='ocrx_word' id='word_1_135' title='bbox 118 1332 513 1405; x_wconf 77' lang='lat' dir='ltr'><strong>Christiapcstotidntantum</strong></span> <span class='ocrx_word' id='word_1_136' title='bbox 524 1331 624 1400; x_wconf 87' lang='lat' dir='ltr'><strong>gravat</strong></span> <span class='ocrx_word' id='word_1_137' title='bbox 632 1323 942 1398; x_wconf 89' lang='lat' dir='ltr'><strong>pseudoapostolorum</strong></span> <span class='ocrx_word' id='word_1_138' title='bbox 996 1323 1068 1392; x_wconf 80' lang='lat' dir='ltr'><strong>lesa,</strong></span> <span class='ocrx_word' id='word_1_139' title='bbox 1086 1323 1257 1393; x_wconf 80' lang='lat' dir='ltr'><strong>qainondam</strong></span> <span class='ocrx_word' id='word_1_140' title='bbox 1274 1327 1353 1394; x_wconf 86' lang='lat' dir='ltr'><strong>passi</strong></span> <span class='ocrx_word' id='word_1_141' title='bbox 1374 1328 1439 1380; x_wconf 88' lang='lat' dir='ltr'><strong>estis</strong></span> <span class='ocrx_word' id='word_1_142' title='bbox 1463 1335 1490 1380; x_wconf 91' lang='lat' dir='ltr'><strong>et</strong></span> <span class='ocrx_word' id='word_1_143' title='bbox 1512 1341 1559 1382; x_wconf 85' lang='lat' dir='ltr'><strong>aas</strong></span> <span class='ocrx_word' id='word_1_144' title='bbox 1581 1343 1600 1382; x_wconf 90' lang='lat' dir='ltr'><strong>u</strong></span> <span class='ocrx_word' id='word_1_145' title='bbox 1621 1327 1825 1384; x_wconf 65' lang='lat' dir='ltr'><strong>sanitatibus</strong></span> 
     </span>
     <span class='ocr_line' id='line_1_13' title="bbox 124 1410 1824 1490; baseline -0.005 -10"><span class='ocrx_word' id='word_1_146' title='bbox 124 1439 255 1490; x_wconf 88' lang='lat' dir='ltr'><strong>causam,</strong></span> <span class='ocrx_word' id='word_1_147' title='bbox 272 1427 304 1476; x_wconf 93' lang='lat' dir='ltr'><strong>ut</strong></span> <span class='ocrx_word' id='word_1_148' title='bbox 318 1436 350 1475; x_wconf 88' lang='lat' dir='ltr'><strong>so</strong></span> <span class='ocrx_word' id='word_1_149' title='bbox 365 1420 493 1474; x_wconf 81' lang='lat' dir='ltr'><strong>abnuere</strong></span> <span class='ocrx_word' id='word_1_150' title='bbox 508 1417 595 1481; x_wconf 90' lang='lat' dir='ltr'><strong>dicat,</strong></span> <span class='ocrx_word' id='word_1_151' title='bbox 607 1431 674 1470; x_wconf 90' lang='lat' dir='ltr'><strong>cum</strong></span> <span class='ocrx_word' id='word_1_152' title='bbox 690 1414 790 1469; x_wconf 90' lang='lat' dir='ltr'><strong>liceret</strong></span> <span class='ocrx_word' id='word_1_153' title='bbox 804 1410 846 1466; x_wconf 94' lang='lat' dir='ltr'><strong>illi</strong></span> <span class='ocrx_word' id='word_1_154' title='bbox 861 1412 942 1466; x_wconf 89' lang='lat' dir='ltr'><strong>obse·</strong></span> <span class='ocrx_word' id='word_1_155' title='bbox 995 1412 1105 1476; x_wconf 84' lang='lat' dir='ltr'><strong>vestris,</strong></span> <span class='ocrx_word' id='word_1_156' title='bbox 1117 1413 1187 1467; x_wconf 88' lang='lat' dir='ltr'><strong>sicut</strong></span> <span class='ocrx_word' id='word_1_157' title='bbox 1202 1416 1229 1466; x_wconf 87' lang='lat' dir='ltr'><strong>ct</strong></span> <span class='ocrx_word' id='word_1_158' title='bbox 1243 1414 1299 1483; x_wconf 85' lang='lat' dir='ltr'><strong>ipsi</strong></span> <span class='ocrx_word' id='word_1_159' title='bbox 1313 1414 1455 1480; x_wconf 68' lang='lat' dir='ltr'><strong>uictimis,</strong></span> <span class='ocrx_word' id='word_1_160' title='bbox 1468 1417 1516 1486; x_wconf 86' lang='lat' dir='ltr'><strong>qai</strong></span> <span class='ocrx_word' id='word_1_161' title='bbox 1529 1423 1555 1471; x_wconf 86' lang='lat' dir='ltr'><strong>et</strong></span> <span class='ocrx_word' id='word_1_162' title='bbox 1570 1417 1721 1471; x_wconf 80' lang='lat' dir='ltr'><strong>Dominum</strong></span> <span class='ocrx_word' id='word_1_163' title='bbox 1738 1417 1824 1472; x_wconf 79' lang='lat' dir='ltr'><strong>inter·</strong></span> 
     </span>
     <span class='ocr_line' id='line_1_14' title="bbox 124 1502 1824 1585; baseline -0.004 -18"><span class='ocrx_word' id='word_1_164' title='bbox 124 1513 193 1585; x_wconf 91' lang='lat' dir='ltr'><strong>quin</strong></span> <span class='ocrx_word' id='word_1_165' title='bbox 209 1510 367 1582; x_wconf 79' lang='lat' dir='ltr'><strong>requirere,</strong></span> <span class='ocrx_word' id='word_1_166' title='bbox 382 1508 418 1562; x_wconf 87' lang='lat' dir='ltr'><strong>ad</strong></span> <span class='ocrx_word' id='word_1_167' title='bbox 440 1504 676 1577; x_wconf 88' lang='lat' dir='ltr'><strong>comprimendos</strong></span> <span class='ocrx_word' id='word_1_168' title='bbox 690 1520 749 1568; x_wconf 92' lang='lat' dir='ltr'><strong>eos,</strong></span> <span class='ocrx_word' id='word_1_169' title='bbox 766 1502 873 1573; x_wconf 89' lang='lat' dir='ltr'><strong>quibus</strong></span> <span class='ocrx_word' id='word_1_170' title='bbox 889 1516 941 1555; x_wconf 89' lang='lat' dir='ltr'><strong>nec</strong></span> <span class='ocrx_word' id='word_1_171' title='bbox 995 1502 1219 1557; x_wconf 81' lang='lat' dir='ltr'><strong>eruerunttasam</strong></span> <span class='ocrx_word' id='word_1_172' title='bbox 1233 1510 1259 1556; x_wconf 90' lang='lat' dir='ltr'><strong>et</strong></span> <span class='ocrx_word' id='word_1_173' title='bbox 1271 1504 1430 1574; x_wconf 79' lang='lat' dir='ltr'><strong>propbetas,</strong></span> <span class='ocrx_word' id='word_1_174' title='bbox 1446 1515 1471 1559; x_wconf 87' lang='lat' dir='ltr'><strong>et</strong></span> <span class='ocrx_word' id='word_1_175' title='bbox 1484 1520 1533 1559; x_wconf 88' lang='lat' dir='ltr'><strong>nos</strong></span> <span class='ocrx_word' id='word_1_176' title='bbox 1546 1506 1686 1575; x_wconf 77' lang='lat' dir='ltr'><strong>persecuti</strong></span> <span class='ocrx_word' id='word_1_177' title='bbox 1698 1514 1780 1571; x_wconf 82' lang='lat' dir='ltr'><strong>sunt,</strong></span> <span class='ocrx_word' id='word_1_178' title='bbox 1798 1511 1824 1561; x_wconf 83' lang='lat' dir='ltr'><strong>ct</strong></span> 
     </span>
     <span class='ocr_line' id='line_1_15' title="bbox 123 1587 1824 1667; baseline -0.012 -11"><span class='ocrx_word' id='word_1_179' title='bbox 123 1599 248 1657; x_wconf 79' lang='lat' dir='ltr'><strong>facultas</strong></span> <span class='ocrx_word' id='word_1_180' title='bbox 263 1604 335 1664; x_wconf 88' lang='lat' dir='ltr'><strong>crat,</strong></span> <span class='ocrx_word' id='word_1_181' title='bbox 350 1613 403 1652; x_wconf 89' lang='lat' dir='ltr'><strong>nec</strong></span> <span class='ocrx_word' id='word_1_182' title='bbox 430 1596 533 1667; x_wconf 89' lang='lat' dir='ltr'><strong>pudor,</strong></span> <span class='ocrx_word' id='word_1_183' title='bbox 549 1599 578 1649; x_wconf 88' lang='lat' dir='ltr'><strong>et</strong></span> <span class='ocrx_word' id='word_1_184' title='bbox 600 1598 698 1649; x_wconf 91' lang='lat' dir='ltr'><strong>tamen</strong></span> <span class='ocrx_word' id='word_1_185' title='bbox 722 1591 862 1646; x_wconf 90' lang='lat' dir='ltr'><strong>bonoram</strong></span> <span class='ocrx_word' id='word_1_186' title='bbox 884 1587 939 1643; x_wconf 92' lang='lat' dir='ltr'><strong>sibi</strong></span> <span class='ocrx_word' id='word_1_187' title='bbox 996 1595 1051 1646; x_wconf 86' lang='lat' dir='ltr'><strong>Dec</strong></span> <span class='ocrx_word' id='word_1_188' title='bbox 1065 1607 1123 1644; x_wconf 85' lang='lat' dir='ltr'><strong>aaa</strong></span> <span class='ocrx_word' id='word_1_189' title='bbox 1134 1590 1306 1660; x_wconf 83' lang='lat' dir='ltr'><strong>placuerunt,</strong></span> <span class='ocrx_word' id='word_1_190' title='bbox 1324 1596 1348 1646; x_wconf 85' lang='lat' dir='ltr'><strong>et</strong></span> <span class='ocrx_word' id='word_1_191' title='bbox 1364 1592 1489 1648; x_wconf 74' lang='lat' dir='ltr'><strong>omnibns</strong></span> <span class='ocrx_word' id='word_1_192' title='bbox 1504 1593 1661 1649; x_wconf 61' lang='lat' dir='ltr'><strong>homimem</strong></span> <span class='ocrx_word' id='word_1_193' title='bbox 1677 1593 1824 1651; x_wconf 55' lang='lat' dir='ltr'><strong>navem*</strong></span> 
     </span>
     <span class='ocr_line' id='line_1_16' title="bbox 124 1678 1825 1762; baseline -0.002 -17"><span class='ocrx_word' id='word_1_194' title='bbox 124 1689 291 1762; x_wconf 87' lang='lat' dir='ltr'><strong>poscebant.</strong></span> <span class='ocrx_word' id='word_1_195' title='bbox 304 1687 340 1742; x_wconf 86' lang='lat' dir='ltr'><strong>Se</strong></span> <span class='ocrx_word' id='word_1_196' title='bbox 353 1685 432 1742; x_wconf 88' lang='lat' dir='ltr'><strong>enim</strong></span> <span class='ocrx_word' id='word_1_197' title='bbox 446 1683 542 1756; x_wconf 89' lang='lat' dir='ltr'><strong>polius</strong></span> <span class='ocrx_word' id='word_1_198' title='bbox 557 1699 645 1754; x_wconf 91' lang='lat' dir='ltr'><strong>quam</strong></span> <span class='ocrx_word' id='word_1_199' title='bbox 659 1681 707 1736; x_wconf 87' lang='lat' dir='ltr'><strong>Dei</strong></span> <span class='ocrx_word' id='word_1_200' title='bbox 718 1678 940 1735; x_wconf 88' lang='lat' dir='ltr'><strong>doctrinacom·</strong></span> <span class='ocrx_word' id='word_1_201' title='bbox 993 1680 1048 1746; x_wconf 86' lang='lat' dir='ltr'><strong>tur,</strong></span> <span class='ocrx_word' id='word_1_202' title='bbox 1058 1679 1229 1750; x_wconf 73' lang='lat' dir='ltr'><strong>prohibentes</strong></span> <span class='ocrx_word' id='word_1_203' title='bbox 1240 1694 1287 1735; x_wconf 88' lang='lat' dir='ltr'><strong>nos</strong></span> <span class='ocrx_word' id='word_1_204' title='bbox 1296 1683 1422 1751; x_wconf 83' lang='lat' dir='ltr'><strong>pentibus</strong></span> <span class='ocrx_word' id='word_1_205' title='bbox 1434 1682 1555 1754; x_wconf 66' lang='lat' dir='ltr'><strong>inquiat</strong></span> <span class='ocrx_word' id='word_1_206' title='bbox 1566 1684 1769 1750; x_wconf 64' lang='lat' dir='ltr'><strong>salomias-,ac</strong></span> <span class='ocrx_word' id='word_1_207' title='bbox 1778 1685 1825 1741; x_wconf 84' lang='lat' dir='ltr'><strong>ttae</strong></span> 
     </span>
     <span class='ocr_line' id='line_1_17' title="bbox 120 1766 1825 1844; baseline -0.004 -9"><span class='ocrx_word' id='word_1_208' title='bbox 120 1777 252 1834; x_wconf 81' lang='lat' dir='ltr'><strong>mandari</strong></span> <span class='ocrx_word' id='word_1_209' title='bbox 278 1775 419 1832; x_wconf 85' lang='lat' dir='ltr'><strong>volebant.</strong></span> <span class='ocrx_word' id='word_1_210' title='bbox 437 1770 594 1844; x_wconf 78' lang='lat' dir='ltr'><strong>Apostolus</strong></span> <span class='ocrx_word' id='word_1_211' title='bbox 617 1775 727 1834; x_wconf 87' lang='lat' dir='ltr'><strong>auteur,</strong></span> <span class='ocrx_word' id='word_1_212' title='bbox 743 1769 790 1838; x_wconf 91' lang='lat' dir='ltr'><strong>qui</strong></span> <span class='ocrx_word' id='word_1_213' title='bbox 815 1766 937 1840; x_wconf 84' lang='lat' dir='ltr'><strong>gloriam</strong></span> <span class='ocrx_word' id='word_1_214' title='bbox 993 1767 1491 1841; x_wconf 84' lang='lat' dir='ltr'><strong>atsuppleantpcccatasuasemper;</strong></span> <span class='ocrx_word' id='word_1_215' title='bbox 1505 1772 1552 1829; x_wconf 86' lang='lat' dir='ltr'><strong>sed</strong></span> <span class='ocrx_word' id='word_1_216' title='bbox 1565 1776 1696 1844; x_wconf 81' lang='lat' dir='ltr'><strong>peruenit</strong></span> <span class='ocrx_word' id='word_1_217' title='bbox 1712 1776 1764 1831; x_wconf 86' lang='lat' dir='ltr'><strong>ira</strong></span> <span class='ocrx_word' id='word_1_218' title='bbox 1777 1775 1825 1832; x_wconf 79' lang='lat' dir='ltr'><strong>[tei</strong></span> 
     </span>
    </p>
   </div>
   <div class='ocr_carea' id='block_1_3' title="bbox 15 1858 1824 1937">
    <p class='ocr_par' dir='ltr' id='par_1_4' title="bbox 15 1858 1824 1937">
     <span class='ocr_line' id='line_1_18' title="bbox 15 1858 1824 1937; baseline -0.002 -13"><span class='ocrx_word' id='word_1_219' title='bbox 15 1908 18 1915; x_wconf 83' lang='lat'><em>-</em></span> <span class='ocrx_word' id='word_1_220' title='bbox 120 1885 177 1923; x_wconf 92' lang='lat' dir='ltr'><strong>non</strong></span> <span class='ocrx_word' id='word_1_221' title='bbox 212 1867 247 1921; x_wconf 86' lang='lat' dir='ltr'><strong>nd</strong></span> <span class='ocrx_word' id='word_1_222' title='bbox 281 1879 418 1937; x_wconf 79' lang='lat' dir='ltr'><strong>prossus,</strong></span> <span class='ocrx_word' id='word_1_223' title='bbox 448 1862 498 1918; x_wconf 90' lang='lat' dir='ltr'><strong>sed</strong></span> <span class='ocrx_word' id='word_1_224' title='bbox 527 1861 557 1916; x_wconf 95' lang='lat' dir='ltr'><strong>in</strong></span> <span class='ocrx_word' id='word_1_225' title='bbox 591 1861 688 1915; x_wconf 86' lang='lat' dir='ltr'><strong>futuro</strong></span> <span class='ocrx_word' id='word_1_226' title='bbox 722 1858 878 1930; x_wconf 74' lang='lat' dir='ltr'><strong>quaerebat,</strong></span> <span class='ocrx_word' id='word_1_227' title='bbox 908 1872 940 1910; x_wconf 88' lang='lat' dir='ltr'><strong>sa</strong></span> <span class='ocrx_word' id='word_1_228' title='bbox 994 1858 1824 1933; x_wconf 61' lang='lat' dir='ltr'><strong>superaususqucarliaembeimpietnteatqueincredu·</strong></span> 
     </span>
    </p>
   </div>
   <div class='ocr_carea' id='block_1_4' title="bbox 120 1942 1820 2023">
    <p class='ocr_par' dir='ltr' id='par_1_5' title="bbox 120 1942 1820 2023">
     <span class='ocr_line' id='line_1_19' title="bbox 120 1942 1820 2023; baseline -0.001 -11"><span class='ocrx_word' id='word_1_229' title='bbox 120 1956 261 2012; x_wconf 84' lang='lat' dir='ltr'><strong>humilem</strong></span> <span class='ocrx_word' id='word_1_230' title='bbox 300 1955 438 2017; x_wconf 79' lang='lat' dir='ltr'><strong>faciebat,</strong></span> <span class='ocrx_word' id='word_1_231' title='bbox 477 1957 509 2005; x_wconf 91' lang='lat' dir='ltr'><strong>ut</strong></span> <span class='ocrx_word' id='word_1_232' title='bbox 546 1949 592 2004; x_wconf 73' lang='lat' dir='ltr'><strong>liei</strong></span> <span class='ocrx_word' id='word_1_233' title='bbox 631 1946 796 2019; x_wconf 82' lang='lat' dir='ltr'><strong>predicatio</strong></span> <span class='ocrx_word' id='word_1_234' title='bbox 829 1942 938 1999; x_wconf 84' lang='lat' dir='ltr'><strong>exalta·</strong></span> <span class='ocrx_word' id='word_1_235' title='bbox 994 1943 1820 2023; x_wconf 80' lang='lat' dir='ltr'><strong>litatequeriturdilfidentinmiudaeorum,quinonsolou</strong></span> 
     </span>
    </p>
   </div>
   <div class='ocr_carea' id='block_1_5' title="bbox 123 2034 1823 2114">
    <p class='ocr_par' dir='ltr' id='par_1_6' title="bbox 123 2034 1823 2114">
     <span class='ocr_line' id='line_1_20' title="bbox 123 2034 1823 2114; baseline -0.002 -13"><span class='ocrx_word' id='word_1_236' title='bbox 123 2052 212 2101; x_wconf 90' lang='lat' dir='ltr'><strong>retur.</strong></span> <span class='ocrx_word' id='word_1_237' title='bbox 994 2051 1052 2089; x_wconf 84' lang='lat' dir='ltr'><strong>suae</strong></span> <span class='ocrx_word' id='word_1_238' title='bbox 1063 2034 1167 2091; x_wconf 87' lang='lat' dir='ltr'><strong>salutis</strong></span> <span class='ocrx_word' id='word_1_239' title='bbox 1177 2035 1289 2090; x_wconf 89' lang='lat' dir='ltr'><strong>inimici</strong></span> <span class='ocrx_word' id='word_1_240' title='bbox 1301 2043 1380 2105; x_wconf 91' lang='lat' dir='ltr'><strong>sunt,</strong></span> <span class='ocrx_word' id='word_1_241' title='bbox 1393 2055 1492 2094; x_wconf 88' lang='lat' dir='ltr'><strong>verum</strong></span> <span class='ocrx_word' id='word_1_242' title='bbox 1505 2039 1592 2095; x_wconf 89' lang='lat' dir='ltr'><strong>etiam</strong></span> <span class='ocrx_word' id='word_1_243' title='bbox 1604 2039 1752 2111; x_wconf 87' lang='lat' dir='ltr'><strong>aliorum,</strong></span> <span class='ocrx_word' id='word_1_244' title='bbox 1764 2058 1823 2114; x_wconf 80' lang='lat' dir='ltr'><strong>pro·</strong></span> 
     </span>
    </p>
   </div>
   <div class='ocr_carea' id='block_1_6' title="bbox 157 2125 941 2206">
    <p class='ocr_par' dir='ltr' id='par_1_7' title="bbox 157 2125 941 2206">
     <span class='ocr_line' id='line_1_21' title="bbox 157 2125 941 2206; baseline -0.014 -17"><span class='ocrx_word' id='word_1_245' title='bbox 157 2135 206 2189; x_wconf 84' lang='lat' dir='ltr'><strong>Sed</strong></span> <span class='ocrx_word' id='word_1_246' title='bbox 228 2135 333 2206; x_wconf 72' lang='lat' dir='ltr'><strong>suimus</strong></span> <span class='ocrx_word' id='word_1_247' title='bbox 344 2131 458 2204; x_wconf 84' lang='lat' dir='ltr'><strong>paruuli</strong></span> <span class='ocrx_word' id='word_1_248' title='bbox 472 2131 502 2184; x_wconf 88' lang='lat' dir='ltr'><strong>in</strong></span> <span class='ocrx_word' id='word_1_249' title='bbox 517 2127 607 2182; x_wconf 74' lang='lat' dir='ltr'><strong>rra-edic</strong></span> <span class='ocrx_word' id='word_1_250' title='bbox 622 2135 748 2187; x_wconf 81' lang='lat' dir='ltr'><strong>uestram,</strong></span> <span class='ocrx_word' id='word_1_251' title='bbox 764 2128 895 2195; x_wconf 86' lang='lat' dir='ltr'><strong>tanquam</strong></span> <span class='ocrx_word' id='word_1_252' title='bbox 907 2125 941 2205; x_wconf 82' lang='lat' dir='ltr'><strong>si</strong></span> 
     </span>
    </p>
   </div>
   <div class='ocr_carea' id='block_1_7' title="bbox 30 2213 938 2293">
    <p class='ocr_par' dir='ltr' id='par_1_8' title="bbox 30 2213 938 2293">
     <span class='ocr_line' id='line_1_22' title="bbox 30 2213 938 2293; baseline -0.018 -12"><span class='ocrx_word' id='word_1_253' title='bbox 30 2246 34 2255; x_wconf 93' lang='lat'>·</span> <span class='ocrx_word' id='word_1_254' title='bbox 119 2226 218 2280; x_wconf 77' lang='lat' dir='ltr'><strong>actrix</strong></span> <span class='ocrx_word' id='word_1_255' title='bbox 232 2225 320 2293; x_wconf 72' lang='lat' dir='ltr'><strong>[creat</strong></span> <span class='ocrx_word' id='word_1_256' title='bbox 333 2220 406 2290; x_wconf 77' lang='lat' dir='ltr'><strong>filios</strong></span> <span class='ocrx_word' id='word_1_257' title='bbox 420 2234 502 2278; x_wconf 80' lang='lat' dir='ltr'><strong>saus:</strong></span> <span class='ocrx_word' id='word_1_258' title='bbox 528 2219 568 2272; x_wconf 90' lang='lat' dir='ltr'><strong>ita</strong></span> <span class='ocrx_word' id='word_1_259' title='bbox 592 2215 777 2270; x_wconf 85' lang='lat' dir='ltr'><strong>desiderantes</strong></span> <span class='ocrx_word' id='word_1_260' title='bbox 791 2228 846 2277; x_wconf 88' lang='lat' dir='ltr'><strong>ros,</strong></span> <span class='ocrx_word' id='word_1_261' title='bbox 862 2213 938 2284; x_wconf 89' lang='lat' dir='ltr'><strong>cupi-</strong></span> 
     </span>
    </p>
   </div>
   <div class='ocr_carea' id='block_1_8' title="bbox 107 2299 940 2904">
    <p class='ocr_par' dir='ltr' id='par_1_9' title="bbox 107 2299 940 2904">
     <span class='ocr_line' id='line_1_23' title="bbox 119 2299 940 2382; baseline -0.017 -14"><span class='ocrx_word' id='word_1_262' title='bbox 119 2329 180 2368; x_wconf 85' lang='lat' dir='ltr'><strong>nsas</strong></span> <span class='ocrx_word' id='word_1_263' title='bbox 196 2312 340 2382; x_wconf 81' lang='lat' dir='ltr'><strong>impertire</strong></span> <span class='ocrx_word' id='word_1_264' title='bbox 356 2308 428 2363; x_wconf 69' lang='lat' dir='ltr'><strong>roba</strong></span> <span class='ocrx_word' id='word_1_265' title='bbox 442 2322 496 2361; x_wconf 88' lang='lat' dir='ltr'><strong>aaa</strong></span> <span class='ocrx_word' id='word_1_266' title='bbox 521 2303 613 2361; x_wconf 84' lang='lat' dir='ltr'><strong>solaro</strong></span> <span class='ocrx_word' id='word_1_267' title='bbox 626 2300 806 2372; x_wconf 76' lang='lat' dir='ltr'><strong>Erranpetinm</strong></span> <span class='ocrx_word' id='word_1_268' title='bbox 821 2302 879 2366; x_wconf 86' lang='lat' dir='ltr'><strong>Dei,</strong></span> <span class='ocrx_word' id='word_1_269' title='bbox 894 2299 940 2355; x_wconf 83' lang='lat' dir='ltr'><strong>sed</strong></span> 
     </span>
     <span class='ocr_line' id='line_1_24' title="bbox 107 2391 936 2465; baseline -0.018 -7"><span class='ocrx_word' id='word_1_270' title='bbox 107 2405 203 2459; x_wconf 83' lang='lat' dir='ltr'><strong>&#39;etiam</strong></span> <span class='ocrx_word' id='word_1_271' title='bbox 216 2401 324 2455; x_wconf 88' lang='lat' dir='ltr'><strong>anirnas</strong></span> <span class='ocrx_word' id='word_1_272' title='bbox 337 2401 455 2462; x_wconf 89' lang='lat' dir='ltr'><strong>nostras,</strong></span> <span class='ocrx_word' id='word_1_273' title='bbox 476 2396 525 2465; x_wconf 87' lang='lat' dir='ltr'><strong>qai</strong></span> <span class='ocrx_word' id='word_1_274' title='bbox 538 2394 675 2448; x_wconf 84' lang='lat' dir='ltr'><strong>carissimi</strong></span> <span class='ocrx_word' id='word_1_275' title='bbox 689 2391 766 2446; x_wconf 83' lang='lat' dir='ltr'><strong>nobis</strong></span> <span class='ocrx_word' id='word_1_276' title='bbox 780 2391 848 2460; x_wconf 71' lang='lat' dir='ltr'><strong>sacti</strong></span> <span class='ocrx_word' id='word_1_277' title='bbox 861 2393 936 2444; x_wconf 86' lang='lat' dir='ltr'><strong>estis.</strong></span> 
     </span>
     <span class='ocr_line' id='line_1_25' title="bbox 119 2478 938 2548; baseline -0.018 -2"><span class='ocrx_word' id='word_1_278' title='bbox 119 2491 244 2546; x_wconf 87' lang='lat' dir='ltr'><strong>Tantum</strong></span> <span class='ocrx_word' id='word_1_279' title='bbox 263 2489 399 2543; x_wconf 86' lang='lat' dir='ltr'><strong>allectum</strong></span> <span class='ocrx_word' id='word_1_280' title='bbox 424 2484 530 2540; x_wconf 88' lang='lat' dir='ltr'><strong>habere</strong></span> <span class='ocrx_word' id='word_1_281' title='bbox 556 2499 587 2538; x_wconf 91' lang='lat' dir='ltr'><strong>ss</strong></span> <span class='ocrx_word' id='word_1_282' title='bbox 612 2497 689 2536; x_wconf 81' lang='lat' dir='ltr'><strong>circo</strong></span> <span class='ocrx_word' id='word_1_283' title='bbox 712 2478 777 2534; x_wconf 94' lang='lat' dir='ltr'><strong>illos</strong></span> <span class='ocrx_word' id='word_1_284' title='bbox 801 2479 938 2548; x_wconf 85' lang='lat' dir='ltr'><strong>ostendit,</strong></span> 
     </span>
     <span class='ocr_line' id='line_1_26' title="bbox 123 2567 938 2651; baseline -0.017 -17"><span class='ocrx_word' id='word_1_285' title='bbox 123 2577 298 2651; x_wconf 90' lang='lat' dir='ltr'><strong>quem,quia</strong></span> <span class='ocrx_word' id='word_1_286' title='bbox 307 2592 392 2631; x_wconf 88' lang='lat' dir='ltr'><strong>verus</strong></span> <span class='ocrx_word' id='word_1_287' title='bbox 405 2578 459 2639; x_wconf 89' lang='lat' dir='ltr'><strong>est,</strong></span> <span class='ocrx_word' id='word_1_288' title='bbox 467 2589 524 2627; x_wconf 93' lang='lat' dir='ltr'><strong>non</strong></span> <span class='ocrx_word' id='word_1_289' title='bbox 534 2571 628 2626; x_wconf 90' lang='lat' dir='ltr'><strong>verbis</strong></span> <span class='ocrx_word' id='word_1_290' title='bbox 639 2569 733 2639; x_wconf 78' lang='lat' dir='ltr'><strong>magis</strong></span> <span class='ocrx_word' id='word_1_291' title='bbox 742 2584 830 2639; x_wconf 80' lang='lat' dir='ltr'><strong>quani</strong></span> <span class='ocrx_word' id='word_1_292' title='bbox 841 2567 938 2635; x_wconf 91' lang='lat' dir='ltr'><strong>rebus,</strong></span> 
     </span>
     <span class='ocr_line' id='line_1_27' title="bbox 122 2654 940 2739; baseline -0.013 -17"><span class='ocrx_word' id='word_1_293' title='bbox 122 2669 277 2739; x_wconf 88' lang='lat' dir='ltr'><strong>probatum</strong></span> <span class='ocrx_word' id='word_1_294' title='bbox 292 2664 354 2718; x_wconf 83' lang='lat' dir='ltr'><strong>vult</strong></span> <span class='ocrx_word' id='word_1_295' title='bbox 373 2662 472 2717; x_wconf 89' lang='lat' dir='ltr'><strong>videri.</strong></span> <span class='ocrx_word' id='word_1_296' title='bbox 490 2661 587 2715; x_wconf 90' lang='lat' dir='ltr'><strong>Potest</strong></span> <span class='ocrx_word' id='word_1_297' title='bbox 601 2658 679 2713; x_wconf 87' lang='lat' dir='ltr'><strong>enirn</strong></span> <span class='ocrx_word' id='word_1_298' title='bbox 695 2656 725 2711; x_wconf 90' lang='lat' dir='ltr'><strong>in</strong></span> <span class='ocrx_word' id='word_1_299' title='bbox 740 2656 835 2711; x_wconf 90' lang='lat' dir='ltr'><strong>verbis</strong></span> <span class='ocrx_word' id='word_1_300' title='bbox 851 2654 940 2711; x_wconf 88' lang='lat' dir='ltr'><strong>latere</strong></span> 
     </span>
     <span class='ocr_line' id='line_1_28' title="bbox 121 2744 939 2820; baseline -0.015 -9"><span class='ocrx_word' id='word_1_301' title='bbox 121 2755 245 2820; x_wconf 81' lang='lat' dir='ltr'><strong>fallacia,</strong></span> <span class='ocrx_word' id='word_1_302' title='bbox 276 2758 308 2808; x_wconf 91' lang='lat' dir='ltr'><strong>ut</strong></span> <span class='ocrx_word' id='word_1_303' title='bbox 335 2752 381 2808; x_wconf 91' lang='lat' dir='ltr'><strong>bis</strong></span> <span class='ocrx_word' id='word_1_304' title='bbox 413 2747 662 2806; x_wconf 85' lang='lat' dir='ltr'><strong>exhortationibus</strong></span> <span class='ocrx_word' id='word_1_305' title='bbox 690 2744 847 2817; x_wconf 88' lang='lat' dir='ltr'><strong>provocati,</strong></span> <span class='ocrx_word' id='word_1_306' title='bbox 876 2761 939 2799; x_wconf 90' lang='lat' dir='ltr'><strong>om·</strong></span> 
     </span>
     <span class='ocr_line' id='line_1_29' title="bbox 123 2834 939 2904; baseline -0.015 -3"><span class='ocrx_word' id='word_1_307' title='bbox 123 2861 190 2902; x_wconf 90' lang='lat' dir='ltr'><strong>nom</strong></span> <span class='ocrx_word' id='word_1_308' title='bbox 215 2859 335 2900; x_wconf 88' lang='lat' dir='ltr'><strong>sonsum</strong></span> <span class='ocrx_word' id='word_1_309' title='bbox 358 2856 445 2897; x_wconf 91' lang='lat' dir='ltr'><strong>suum</strong></span> <span class='ocrx_word' id='word_1_310' title='bbox 472 2840 502 2893; x_wconf 90' lang='lat' dir='ltr'><strong>in</strong></span> <span class='ocrx_word' id='word_1_311' title='bbox 527 2835 679 2893; x_wconf 86' lang='lat' dir='ltr'><strong>dilectione</strong></span> <span class='ocrx_word' id='word_1_312' title='bbox 700 2834 840 2890; x_wconf 89' lang='lat' dir='ltr'><strong>haberant</strong></span> <span class='ocrx_word' id='word_1_313' title='bbox 861 2841 939 2904; x_wconf 83' lang='lat' dir='ltr'><strong>Apo-</strong></span> 
     </span>
    </p>
   </div>
   <div class='ocr_carea' id='block_1_9' title="bbox 121 2933 938 3090">
    <p class='ocr_par' dir='ltr' id='par_1_10' title="bbox 121 2933 938 3090">
     <span class='ocr_line' id='line_1_30' title="bbox 121 2933 199 2991; baseline -0.051 0"><span class='ocrx_word' id='word_1_314' title='bbox 121 2933 199 2991; x_wconf 89' lang='lat' dir='ltr'><strong>stoli.</strong></span> 
     </span>
     <span class='ocr_line' id='line_1_31' title="bbox 156 3014 938 3090; baseline -0.015 -13"><span class='ocrx_word' id='word_1_315' title='bbox 156 3021 317 3077; x_wconf 80' lang='lat' dir='ltr'><strong>Meministis</strong></span> <span class='ocrx_word' id='word_1_316' title='bbox 331 3019 415 3085; x_wconf 84' lang='lat' dir='ltr'><strong>enirn,</strong></span> <span class='ocrx_word' id='word_1_317' title='bbox 431 3016 544 3090; x_wconf 79' lang='lat' dir='ltr'><strong>fratres,</strong></span> <span class='ocrx_word' id='word_1_318' title='bbox 560 3014 680 3071; x_wconf 85' lang='lat' dir='ltr'><strong>laborem</strong></span> <span class='ocrx_word' id='word_1_319' title='bbox 694 3017 829 3079; x_wconf 86' lang='lat' dir='ltr'><strong>nostrum,</strong></span> <span class='ocrx_word' id='word_1_320' title='bbox 845 3016 870 3067; x_wconf 84' lang='lat' dir='ltr'><strong>et</strong></span> <span class='ocrx_word' id='word_1_321' title='bbox 895 3014 911 3082; x_wconf 73' lang='lat' dir='ltr'><strong><em>s</em></strong></span> <span class='ocrx_word' id='word_1_322' title='bbox 927 3042 938 3052; x_wconf 94' lang='lat'><em>·</em></span> 
     </span>
    </p>
   </div>
   <div class='ocr_carea' id='block_1_10' title="bbox 992 2123 1825 3083">
    <p class='ocr_par' dir='ltr' id='par_1_11' title="bbox 992 2123 1825 3083">
     <span class='ocr_line' id='line_1_32' title="bbox 993 2123 1822 2203; baseline 0.013 -25"><span class='ocrx_word' id='word_1_323' title='bbox 993 2123 1127 2180; x_wconf 79' lang='lat' dir='ltr'><strong>bibentes</strong></span> <span class='ocrx_word' id='word_1_324' title='bbox 1138 2141 1174 2181; x_wconf 87' lang='lat' dir='ltr'><strong>ne</strong></span> <span class='ocrx_word' id='word_1_325' title='bbox 1184 2126 1314 2192; x_wconf 89' lang='lat' dir='ltr'><strong>credant,</strong></span> <span class='ocrx_word' id='word_1_326' title='bbox 1329 2143 1365 2182; x_wconf 92' lang='lat' dir='ltr'><strong>ne</strong></span> <span class='ocrx_word' id='word_1_327' title='bbox 1377 2127 1448 2183; x_wconf 88' lang='lat' dir='ltr'><strong>salvi</strong></span> <span class='ocrx_word' id='word_1_328' title='bbox 1462 2128 1543 2196; x_wconf 82' lang='lat' dir='ltr'><strong>liant,</strong></span> <span class='ocrx_word' id='word_1_329' title='bbox 1554 2129 1590 2184; x_wconf 86' lang='lat' dir='ltr'><strong>ab</strong></span> <span class='ocrx_word' id='word_1_330' title='bbox 1601 2128 1687 2186; x_wconf 91' lang='lat' dir='ltr'><strong>initio</strong></span> <span class='ocrx_word' id='word_1_331' title='bbox 1698 2131 1822 2203; x_wconf 88' lang='lat' dir='ltr'><strong>parrici-</strong></span> 
     </span>
     <span class='ocr_line' id='line_1_33' title="bbox 994 2212 1822 2291; baseline 0.01 -23"><span class='ocrx_word' id='word_1_332' title='bbox 994 2215 1046 2268; x_wconf 76' lang='lat' dir='ltr'><strong>dr.</strong></span> <span class='ocrx_word' id='word_1_333' title='bbox 1059 2212 1109 2268; x_wconf 82' lang='lat' dir='ltr'><strong>Vel</strong></span> <span class='ocrx_word' id='word_1_334' title='bbox 1121 2214 1242 2269; x_wconf 82' lang='lat' dir='ltr'><strong>Domino</strong></span> <span class='ocrx_word' id='word_1_335' title='bbox 1257 2216 1333 2270; x_wconf 87' lang='lat' dir='ltr'><strong>enim</strong></span> <span class='ocrx_word' id='word_1_336' title='bbox 1347 2218 1494 2272; x_wconf 90' lang='lat' dir='ltr'><strong>communi</strong></span> <span class='ocrx_word' id='word_1_337' title='bbox 1512 2233 1629 2289; x_wconf 86' lang='lat' dir='ltr'><strong>parcere</strong></span> <span class='ocrx_word' id='word_1_338' title='bbox 1643 2218 1822 2291; x_wconf 81' lang='lat' dir='ltr'><strong>debuerant,</strong></span> 
     </span>
     <span class='ocr_line' id='line_1_34' title="bbox 994 2303 1825 2379; baseline 0.014 -24"><span class='ocrx_word' id='word_1_339' title='bbox 994 2303 1043 2372; x_wconf 90' lang='lat' dir='ltr'><strong>qui</strong></span> <span class='ocrx_word' id='word_1_340' title='bbox 1055 2303 1200 2359; x_wconf 86' lang='lat' dir='ltr'><strong>conservis</strong></span> <span class='ocrx_word' id='word_1_341' title='bbox 1210 2308 1238 2358; x_wconf 88' lang='lat' dir='ltr'><strong>et</strong></span> <span class='ocrx_word' id='word_1_342' title='bbox 1249 2305 1411 2375; x_wconf 79' lang='lat' dir='ltr'><strong>praepositis</strong></span> <span class='ocrx_word' id='word_1_343' title='bbox 1425 2305 1487 2360; x_wconf 89' lang='lat' dir='ltr'><strong>suis</strong></span> <span class='ocrx_word' id='word_1_344' title='bbox 1498 2322 1557 2362; x_wconf 93' lang='lat' dir='ltr'><strong>non</strong></span> <span class='ocrx_word' id='word_1_345' title='bbox 1568 2315 1781 2379; x_wconf 85' lang='lat' dir='ltr'><strong>pepercerunt.</strong></span> <span class='ocrx_word' id='word_1_346' title='bbox 1789 2308 1825 2367; x_wconf 86' lang='lat' dir='ltr'><strong>Ut</strong></span> 
     </span>
     <span class='ocr_line' id='line_1_35' title="bbox 993 2390 1823 2468; baseline 0.013 -24"><span class='ocrx_word' id='word_1_347' title='bbox 993 2390 1161 2462; x_wconf 88' lang='lat' dir='ltr'><strong>repleantur</strong></span> <span class='ocrx_word' id='word_1_348' title='bbox 1175 2397 1293 2463; x_wconf 89' lang='lat' dir='ltr'><strong>peccata</strong></span> <span class='ocrx_word' id='word_1_349' title='bbox 1306 2410 1406 2449; x_wconf 88' lang='lat' dir='ltr'><strong>eorum</strong></span> <span class='ocrx_word' id='word_1_350' title='bbox 1424 2395 1452 2449; x_wconf 89' lang='lat' dir='ltr'><strong>in</strong></span> <span class='ocrx_word' id='word_1_351' title='bbox 1469 2399 1595 2465; x_wconf 90' lang='lat' dir='ltr'><strong>tantum,</strong></span> <span class='ocrx_word' id='word_1_352' title='bbox 1606 2412 1643 2453; x_wconf 87' lang='lat' dir='ltr'><strong>ns</strong></span> <span class='ocrx_word' id='word_1_353' title='bbox 1659 2396 1823 2468; x_wconf 84' lang='lat' dir='ltr'><strong>aliquando</strong></span> 
     </span>
     <span class='ocr_line' id='line_1_36' title="bbox 994 2479 1823 2553; baseline 0.012 -19"><span class='ocrx_word' id='word_1_354' title='bbox 994 2479 1223 2536; x_wconf 87' lang='lat' dir='ltr'><strong>miscricordiam</strong></span> <span class='ocrx_word' id='word_1_355' title='bbox 1233 2483 1373 2553; x_wconf 87' lang='lat' dir='ltr'><strong>consequi</strong></span> <span class='ocrx_word' id='word_1_356' title='bbox 1390 2488 1566 2539; x_wconf 87' lang='lat' dir='ltr'><strong>mereantur.</strong></span> <span class='ocrx_word' id='word_1_357' title='bbox 1581 2485 1648 2540; x_wconf 90' lang='lat' dir='ltr'><strong>ldso</strong></span> <span class='ocrx_word' id='word_1_358' title='bbox 1663 2485 1823 2544; x_wconf 81' lang='lat' dir='ltr'><strong>Thessalo-</strong></span> 
     </span>
     <span class='ocr_line' id='line_1_37' title="bbox 993 2567 1824 2644; baseline 0.013 -22"><span class='ocrx_word' id='word_1_359' title='bbox 993 2567 1126 2624; x_wconf 83' lang='lat' dir='ltr'><strong>nicenses</strong></span> <span class='ocrx_word' id='word_1_360' title='bbox 1142 2587 1158 2624; x_wconf 87' lang='lat' dir='ltr'><strong>a</strong></span> <span class='ocrx_word' id='word_1_361' title='bbox 1173 2569 1283 2626; x_wconf 87' lang='lat' dir='ltr'><strong>civibus</strong></span> <span class='ocrx_word' id='word_1_362' title='bbox 1296 2572 1358 2626; x_wconf 91' lang='lat' dir='ltr'><strong>suis</strong></span> <span class='ocrx_word' id='word_1_363' title='bbox 1369 2573 1469 2627; x_wconf 88' lang='lat' dir='ltr'><strong>eadem</strong></span> <span class='ocrx_word' id='word_1_364' title='bbox 1485 2589 1588 2644; x_wconf 86' lang='lat' dir='ltr'><strong>passos</strong></span> <span class='ocrx_word' id='word_1_365' title='bbox 1599 2574 1672 2629; x_wconf 91' lang='lat' dir='ltr'><strong>dicit</strong></span> <span class='ocrx_word' id='word_1_366' title='bbox 1687 2575 1824 2633; x_wconf 82' lang='lat' dir='ltr'><strong>imitatos</strong></span> 
     </span>
     <span class='ocr_line' id='line_1_38' title="bbox 993 2657 1822 2728; baseline 0.013 -18"><span class='ocrx_word' id='word_1_367' title='bbox 993 2657 1164 2728; x_wconf 89' lang='lat' dir='ltr'><strong>patientiam</strong></span> <span class='ocrx_word' id='word_1_368' title='bbox 1199 2663 1385 2727; x_wconf 89' lang='lat' dir='ltr'><strong>sanctorum,</strong></span> <span class='ocrx_word' id='word_1_369' title='bbox 1418 2665 1446 2715; x_wconf 89' lang='lat' dir='ltr'><strong>st</strong></span> <span class='ocrx_word' id='word_1_370' title='bbox 1475 2662 1588 2717; x_wconf 82' lang='lat' dir='ltr'><strong>Domini</strong></span> <span class='ocrx_word' id='word_1_371' title='bbox 1623 2664 1721 2719; x_wconf 90' lang='lat' dir='ltr'><strong>nostri</strong></span> <span class='ocrx_word' id='word_1_372' title='bbox 1753 2664 1822 2721; x_wconf 83' lang='lat' dir='ltr'><strong>iesu</strong></span> 
     </span>
     <span class='ocr_line' id='line_1_39' title="bbox 993 2744 1824 2820; baseline 0.013 -21"><span class='ocrx_word' id='word_1_373' title='bbox 993 2744 1117 2800; x_wconf 87' lang='lat' dir='ltr'><strong>Christi:</strong></span> <span class='ocrx_word' id='word_1_374' title='bbox 1135 2747 1219 2815; x_wconf 86' lang='lat' dir='ltr'><strong>cujus</strong></span> <span class='ocrx_word' id='word_1_375' title='bbox 1235 2745 1351 2801; x_wconf 87' lang='lat' dir='ltr'><strong>scolaris</strong></span> <span class='ocrx_word' id='word_1_376' title='bbox 1367 2753 1500 2804; x_wconf 89' lang='lat' dir='ltr'><strong>auctores</strong></span> <span class='ocrx_word' id='word_1_377' title='bbox 1515 2749 1628 2805; x_wconf 87' lang='lat' dir='ltr'><strong>inducit</strong></span> <span class='ocrx_word' id='word_1_378' title='bbox 1643 2750 1780 2820; x_wconf 80' lang='lat' dir='ltr'><strong>iudaeos,</strong></span> <span class='ocrx_word' id='word_1_379' title='bbox 1792 2758 1824 2809; x_wconf 87' lang='lat' dir='ltr'><strong>ut</strong></span> 
     </span>
     <span class='ocr_line' id='line_1_40' title="bbox 992 2833 1822 2909; baseline 0.012 -20"><span class='ocrx_word' id='word_1_380' title='bbox 992 2839 1021 2889; x_wconf 88' lang='lat' dir='ltr'><strong>ot</strong></span> <span class='ocrx_word' id='word_1_381' title='bbox 1035 2839 1146 2904; x_wconf 85' lang='lat' dir='ltr'><strong>quanta</strong></span> <span class='ocrx_word' id='word_1_382' title='bbox 1158 2833 1250 2907; x_wconf 80' lang='lat' dir='ltr'><strong>gloria</strong></span> <span class='ocrx_word' id='word_1_383' title='bbox 1260 2835 1340 2908; x_wconf 81' lang='lat' dir='ltr'><strong>digni</strong></span> <span class='ocrx_word' id='word_1_384' title='bbox 1355 2836 1423 2906; x_wconf 88' lang='lat' dir='ltr'><strong>sint,</strong></span> <span class='ocrx_word' id='word_1_385' title='bbox 1436 2837 1485 2909; x_wconf 90' lang='lat' dir='ltr'><strong>qui</strong></span> <span class='ocrx_word' id='word_1_386' title='bbox 1502 2854 1553 2909; x_wconf 92' lang='lat' dir='ltr'><strong>pro</strong></span> <span class='ocrx_word' id='word_1_387' title='bbox 1569 2839 1689 2896; x_wconf 89' lang='lat' dir='ltr'><strong>nomine</strong></span> <span class='ocrx_word' id='word_1_388' title='bbox 1701 2841 1822 2898; x_wconf 88' lang='lat' dir='ltr'><strong>Domini</strong></span> 
     </span>
     <span class='ocr_line' id='line_1_41' title="bbox 993 2921 1822 3002; baseline 0.013 -26"><span class='ocrx_word' id='word_1_389' title='bbox 993 2921 1155 2993; x_wconf 87' lang='lat' dir='ltr'><strong>patiuntur,</strong></span> <span class='ocrx_word' id='word_1_390' title='bbox 1171 2927 1199 2978; x_wconf 91' lang='lat' dir='ltr'><strong>et</strong></span> <span class='ocrx_word' id='word_1_391' title='bbox 1223 2940 1285 2994; x_wconf 84' lang='lat' dir='ltr'><strong>qua</strong></span> <span class='ocrx_word' id='word_1_392' title='bbox 1311 2923 1382 2980; x_wconf 86' lang='lat' dir='ltr'><strong>ultio</strong></span> <span class='ocrx_word' id='word_1_393' title='bbox 1397 2925 1520 2992; x_wconf 85' lang='lat' dir='ltr'><strong>inl&#39;sstis,</strong></span> <span class='ocrx_word' id='word_1_394' title='bbox 1538 2927 1637 2983; x_wconf 79' lang='lat' dir='ltr'><strong>infidis</strong></span> <span class='ocrx_word' id='word_1_395' title='bbox 1653 2934 1822 3002; x_wconf 71' lang='lat' dir='ltr'><strong>praeparata</strong></span> 
     </span>
     <span class='ocr_line' id='line_1_42' title="bbox 993 3009 1257 3083; baseline 0.011 -19"><span class='ocrx_word' id='word_1_396' title='bbox 993 3009 1041 3080; x_wconf 90' lang='lat' dir='ltr'><strong>sit,</strong></span> <span class='ocrx_word' id='word_1_397' title='bbox 1058 3009 1257 3083; x_wconf 84' lang='lat' dir='ltr'><strong>dignoscatur.</strong></span> 
     </span>
    </p>
   </div>
   <div class='ocr_carea' id='block_1_11' title="bbox 120 3100 1820 3267">
    <p class='ocr_par' dir='ltr' id='par_1_12' title="bbox 120 3100 1820 3267">
     <span class='ocr_line' id='line_1_43' title="bbox 120 3100 1820 3183; baseline -0.001 -16"><span class='ocrx_word' id='word_1_398' title='bbox 120 3111 298 3182; x_wconf 76' lang='lat' dir='ltr'><strong>tipationeru:</strong></span> <span class='ocrx_word' id='word_1_399' title='bbox 321 3113 400 3163; x_wconf 88' lang='lat' dir='ltr'><strong>nocte</strong></span> <span class='ocrx_word' id='word_1_400' title='bbox 417 3122 449 3160; x_wconf 89' lang='lat' dir='ltr'><strong>ac</strong></span> <span class='ocrx_word' id='word_1_401' title='bbox 471 3104 516 3160; x_wconf 84' lang='lat' dir='ltr'><strong>die</strong></span> <span class='ocrx_word' id='word_1_402' title='bbox 529 3106 672 3175; x_wconf 83' lang='lat' dir='ltr'><strong>operantes</strong></span> <span class='ocrx_word' id='word_1_403' title='bbox 686 3105 722 3157; x_wconf 79' lang='lat' dir='ltr'><strong>art</strong></span> <span class='ocrx_word' id='word_1_404' title='bbox 737 3102 795 3167; x_wconf 81' lang='lat' dir='ltr'><strong>bac,</strong></span> <span class='ocrx_word' id='word_1_405' title='bbox 811 3117 846 3156; x_wconf 86' lang='lat' dir='ltr'><strong>ne</strong></span> <span class='ocrx_word' id='word_1_406' title='bbox 859 3117 940 3174; x_wconf 80' lang='lat' dir='ltr'><strong>quera</strong></span> <span class='ocrx_word' id='word_1_407' title='bbox 1028 3100 1079 3155; x_wconf 87' lang='lat' dir='ltr'><strong>Nos</strong></span> <span class='ocrx_word' id='word_1_408' title='bbox 1105 3106 1211 3167; x_wconf 84' lang='lat' dir='ltr'><strong>antem,</strong></span> <span class='ocrx_word' id='word_1_409' title='bbox 1233 3104 1348 3169; x_wconf 83' lang='lat' dir='ltr'><strong>tratres,</strong></span> <span class='ocrx_word' id='word_1_410' title='bbox 1364 3102 1479 3158; x_wconf 84' lang='lat' dir='ltr'><strong>desolati</strong></span> <span class='ocrx_word' id='word_1_411' title='bbox 1501 3121 1518 3159; x_wconf 93' lang='lat' dir='ltr'><strong>a</strong></span> <span class='ocrx_word' id='word_1_412' title='bbox 1544 3106 1618 3161; x_wconf 75' lang='lat' dir='ltr'><strong>aare</strong></span> <span class='ocrx_word' id='word_1_413' title='bbox 1645 3107 1681 3162; x_wconf 90' lang='lat' dir='ltr'><strong>ad</strong></span> <span class='ocrx_word' id='word_1_414' title='bbox 1713 3117 1820 3183; x_wconf 78' lang='lat' dir='ltr'><strong>tempus</strong></span> 
     </span>
     <span class='ocr_line' id='line_1_44' title="bbox 123 3179 1819 3267; baseline -0.002 -12"><span class='ocrx_word' id='word_1_415' title='bbox 123 3208 239 3256; x_wconf 86' lang='lat' dir='ltr'><strong>uestram</strong></span> <span class='ocrx_word' id='word_1_416' title='bbox 248 3212 431 3267; x_wconf 68' lang='lat' dir='ltr'><strong>precurramus.</strong></span> <span class='ocrx_word' id='word_1_417' title='bbox 441 3194 499 3249; x_wconf 89' lang='lat' dir='ltr'><strong>Hoc</strong></span> <span class='ocrx_word' id='word_1_418' title='bbox 509 3198 563 3265; x_wconf 85' lang='lat' dir='ltr'><strong>est,</strong></span> <span class='ocrx_word' id='word_1_419' title='bbox 574 3193 649 3264; x_wconf 92' lang='lat' dir='ltr'><strong>qnod</strong></span> <span class='ocrx_word' id='word_1_420' title='bbox 662 3191 732 3247; x_wconf 88' lang='lat' dir='ltr'><strong>dicit</strong></span> <span class='ocrx_word' id='word_1_421' title='bbox 742 3191 771 3246; x_wconf 91' lang='lat' dir='ltr'><strong>io</strong></span> <span class='ocrx_word' id='word_1_422' title='bbox 781 3190 861 3245; x_wconf 80' lang='lat' dir='ltr'><strong>Actis</strong></span> <span class='ocrx_word' id='word_1_423' title='bbox 873 3179 974 3260; x_wconf 89' lang='lat' dir='ltr'><strong>apo-C</strong></span> <span class='ocrx_word' id='word_1_424' title='bbox 993 3190 1078 3256; x_wconf 75' lang='lat' dir='ltr'><strong>lucrm,</strong></span> <span class='ocrx_word' id='word_1_425' title='bbox 1105 3190 1184 3259; x_wconf 80' lang='lat' dir='ltr'><strong>sacis,</strong></span> <span class='ocrx_word' id='word_1_426' title='bbox 1210 3206 1265 3246; x_wconf 86' lang='lat' dir='ltr'><strong>non</strong></span> <span class='ocrx_word' id='word_1_427' title='bbox 1294 3191 1384 3257; x_wconf 84' lang='lat' dir='ltr'><strong>corde,</strong></span> <span class='ocrx_word' id='word_1_428' title='bbox 1410 3192 1594 3249; x_wconf 83' lang='lat' dir='ltr'><strong>abundantius</strong></span> <span class='ocrx_word' id='word_1_429' title='bbox 1620 3197 1819 3267; x_wconf 69' lang='lat' dir='ltr'><strong>festinavimus</strong></span> 
     </span>
    </p>
   </div>
   <div class='ocr_carea' id='block_1_12' title="bbox 120 3280 940 3980">
    <p class='ocr_par' dir='ltr' id='par_1_13' title="bbox 120 3280 940 3980">
     <span class='ocr_line' id='line_1_45' title="bbox 120 3280 938 3354; baseline -0.012 -10"><span class='ocrx_word' id='word_1_430' title='bbox 120 3288 263 3344; x_wconf 87' lang='lat' dir='ltr'><strong>stolorum</strong></span> <span class='ocrx_word' id='word_1_431' title='bbox 279 3303 325 3354; x_wconf 85' lang='lat' dir='ltr'><strong>xx,</strong></span> <span class='ocrx_word' id='word_1_432' title='bbox 342 3285 376 3339; x_wconf 75' lang='lat'><strong>34</strong></span> <span class='ocrx_word' id='word_1_433' title='bbox 393 3301 399 3338; x_wconf 95' lang='lat'><strong>:</strong></span> <span class='ocrx_word' id='word_1_434' title='bbox 426 3283 535 3348; x_wconf 84' lang='lat' dir='ltr'><strong>Omnia,</strong></span> <span class='ocrx_word' id='word_1_435' title='bbox 551 3281 659 3352; x_wconf 90' lang='lat' dir='ltr'><strong>inquit,</strong></span> <span class='ocrx_word' id='word_1_436' title='bbox 673 3295 734 3352; x_wconf 81' lang='lat' dir='ltr'><strong>que</strong></span> <span class='ocrx_word' id='word_1_437' title='bbox 752 3280 825 3334; x_wconf 81' lang='lat' dir='ltr'><strong>milri</strong></span> <span class='ocrx_word' id='word_1_438' title='bbox 848 3283 873 3334; x_wconf 86' lang='lat' dir='ltr'><strong>et</strong></span> <span class='ocrx_word' id='word_1_439' title='bbox 896 3280 938 3334; x_wconf 79' lang='lat' dir='ltr'><strong>liis</strong></span> 
     </span>
     <span class='ocr_line' id='line_1_46' title="bbox 120 3371 939 3449; baseline -0.011 -17"><span class='ocrx_word' id='word_1_440' title='bbox 120 3394 168 3449; x_wconf 84' lang='lat' dir='ltr'><strong>qur</strong></span> <span class='ocrx_word' id='word_1_441' title='bbox 182 3381 246 3432; x_wconf 87' lang='lat' dir='ltr'><strong>sant</strong></span> <span class='ocrx_word' id='word_1_442' title='bbox 256 3392 362 3431; x_wconf 85' lang='lat' dir='ltr'><strong>mecum</strong></span> <span class='ocrx_word' id='word_1_443' title='bbox 375 3377 488 3443; x_wconf 72' lang='lat' dir='ltr'><strong>lucrant</strong></span> <span class='ocrx_word' id='word_1_444' title='bbox 498 3372 662 3432; x_wconf 77' lang='lat' dir='ltr'><strong>raecessariu,</strong></span> <span class='ocrx_word' id='word_1_445' title='bbox 674 3371 865 3425; x_wconf 86' lang='lat' dir='ltr'><strong>laboraverant</strong></span> <span class='ocrx_word' id='word_1_446' title='bbox 879 3385 939 3424; x_wconf 83' lang='lat' dir='ltr'><strong>ma·</strong></span> 
     </span>
     <span class='ocr_line' id='line_1_47' title="bbox 121 3457 937 3531; baseline -0.01 -11"><span class='ocrx_word' id='word_1_447' title='bbox 121 3483 173 3520; x_wconf 86' lang='lat' dir='ltr'><strong>uas</strong></span> <span class='ocrx_word' id='word_1_448' title='bbox 186 3469 253 3520; x_wconf 79' lang='lat' dir='ltr'><strong>iste.</strong></span> <span class='ocrx_word' id='word_1_449' title='bbox 266 3464 346 3519; x_wconf 84' lang='lat' dir='ltr'><strong>Unda</strong></span> <span class='ocrx_word' id='word_1_450' title='bbox 357 3468 385 3517; x_wconf 92' lang='lat' dir='ltr'><strong>et</strong></span> <span class='ocrx_word' id='word_1_451' title='bbox 394 3462 423 3516; x_wconf 92' lang='lat' dir='ltr'><strong>in</strong></span> <span class='ocrx_word' id='word_1_452' title='bbox 434 3461 490 3516; x_wconf 86' lang='lat' dir='ltr'><strong>alia</strong></span> <span class='ocrx_word' id='word_1_453' title='bbox 500 3459 623 3531; x_wconf 86' lang='lat' dir='ltr'><strong>epistola</strong></span> <span class='ocrx_word' id='word_1_454' title='bbox 633 3459 717 3513; x_wconf 91' lang='lat' dir='ltr'><strong>dicit:</strong></span> <span class='ocrx_word' id='word_1_455' title='bbox 730 3460 783 3526; x_wconf 85' lang='lat' dir='ltr'><strong>Qui</strong></span> <span class='ocrx_word' id='word_1_456' title='bbox 794 3473 848 3512; x_wconf 89' lang='lat' dir='ltr'><strong>nan</strong></span> <span class='ocrx_word' id='word_1_457' title='bbox 861 3457 937 3513; x_wconf 82' lang='lat' dir='ltr'><strong>labo·</strong></span> 
     </span>
     <span class='ocr_line' id='line_1_48' title="bbox 120 3547 939 3625; baseline -0.012 -16"><span class='ocrx_word' id='word_1_458' title='bbox 120 3563 175 3625; x_wconf 87' lang='lat' dir='ltr'><strong>rat,</strong></span> <span class='ocrx_word' id='word_1_459' title='bbox 191 3570 240 3609; x_wconf 86' lang='lat' dir='ltr'><strong>nec</strong></span> <span class='ocrx_word' id='word_1_460' title='bbox 262 3551 404 3606; x_wconf 82' lang='lat' dir='ltr'><strong>nrurtducet</strong></span> <span class='ocrx_word' id='word_1_461' title='bbox 428 3551 463 3619; x_wconf 90' lang='lat' dir='ltr'><strong>(ll</strong></span> <span class='ocrx_word' id='word_1_462' title='bbox 479 3550 564 3603; x_wconf 66' lang='lat' dir='ltr'><strong>llaess.</strong></span> <span class='ocrx_word' id='word_1_463' title='bbox 582 3564 623 3617; x_wconf 90' lang='grc' dir='ltr'>ιιι,</span> <span class='ocrx_word' id='word_1_464' title='bbox 641 3547 694 3617; x_wconf 81' lang='grc'>10).</span> <span class='ocrx_word' id='word_1_465' title='bbox 720 3547 753 3600; x_wconf 79' lang='lat' dir='ltr'><strong>ldt</strong></span> <span class='ocrx_word' id='word_1_466' title='bbox 768 3547 822 3601; x_wconf 92' lang='lat' dir='ltr'><strong>boc</strong></span> <span class='ocrx_word' id='word_1_467' title='bbox 838 3554 939 3600; x_wconf 88' lang='lat' dir='ltr'><strong>contra</strong></span> 
     </span>
     <span class='ocr_line' id='line_1_49' title="bbox 121 3634 938 3715; baseline -0.012 -17"><span class='ocrx_word' id='word_1_468' title='bbox 121 3638 499 3715; x_wconf 82' lang='lat' dir='ltr'><strong>pseudoapostolos,qni,ut</strong></span> <span class='ocrx_word' id='word_1_469' title='bbox 510 3635 595 3691; x_wconf 83' lang='lat' dir='ltr'><strong>otiosi</strong></span> <span class='ocrx_word' id='word_1_470' title='bbox 609 3635 830 3697; x_wconf 79' lang='lat' dir='ltr'><strong>manducarent,</strong></span> <span class='ocrx_word' id='word_1_471' title='bbox 837 3634 938 3701; x_wconf 82' lang='lat' dir='ltr'><strong>predi-</strong></span> 
     </span>
     <span class='ocr_line' id='line_1_50' title="bbox 122 3722 937 3799; baseline -0.013 -11"><span class='ocrx_word' id='word_1_472' title='bbox 122 3737 233 3788; x_wconf 85' lang='lat' dir='ltr'><strong>catores</strong></span> <span class='ocrx_word' id='word_1_473' title='bbox 246 3746 310 3786; x_wconf 91' lang='lat' dir='ltr'><strong>osse</strong></span> <span class='ocrx_word' id='word_1_474' title='bbox 320 3745 351 3784; x_wconf 91' lang='lat' dir='ltr'><strong>se</strong></span> <span class='ocrx_word' id='word_1_475' title='bbox 366 3727 524 3799; x_wconf 86' lang='lat' dir='ltr'><strong>lingebant.</strong></span> <span class='ocrx_word' id='word_1_476' title='bbox 537 3724 573 3780; x_wconf 92' lang='lat' dir='ltr'><strong>Ut</strong></span> <span class='ocrx_word' id='word_1_477' title='bbox 587 3739 655 3795; x_wconf 77' lang='lat' dir='ltr'><strong>ergo</strong></span> <span class='ocrx_word' id='word_1_478' title='bbox 667 3722 832 3794; x_wconf 85' lang='lat' dir='ltr'><strong>exemplum</strong></span> <span class='ocrx_word' id='word_1_479' title='bbox 844 3723 937 3790; x_wconf 88' lang='lat' dir='ltr'><strong>daret,</strong></span> 
     </span>
     <span class='ocr_line' id='line_1_51' title="bbox 122 3812 940 3894; baseline -0.01 -18"><span class='ocrx_word' id='word_1_480' title='bbox 122 3819 369 3894; x_wconf 87' lang='lat' dir='ltr'><strong>quemadmodum</strong></span> <span class='ocrx_word' id='word_1_481' title='bbox 384 3815 574 3888; x_wconf 84' lang='lat' dir='ltr'><strong>gubernanda</strong></span> <span class='ocrx_word' id='word_1_482' title='bbox 589 3813 628 3868; x_wconf 92' lang='lat' dir='ltr'><strong>sit</strong></span> <span class='ocrx_word' id='word_1_483' title='bbox 648 3812 704 3867; x_wconf 89' lang='lat' dir='ltr'><strong>vita</strong></span> <span class='ocrx_word' id='word_1_484' title='bbox 718 3812 893 3883; x_wconf 87' lang='lat' dir='ltr'><strong>Christiana,</strong></span> <span class='ocrx_word' id='word_1_485' title='bbox 910 3818 940 3868; x_wconf 90' lang='lat' dir='ltr'><strong>et</strong></span> 
     </span>
     <span class='ocr_line' id='line_1_52' title="bbox 124 3901 937 3980; baseline -0.01 -14"><span class='ocrx_word' id='word_1_486' title='bbox 124 3911 312 3966; x_wconf 88' lang='lat' dir='ltr'><strong>simulatores</strong></span> <span class='ocrx_word' id='word_1_487' title='bbox 336 3908 479 3980; x_wconf 85' lang='lat' dir='ltr'><strong>proderet,</strong></span> <span class='ocrx_word' id='word_1_488' title='bbox 504 3903 596 3959; x_wconf 89' lang='lat' dir='ltr'><strong>labori</strong></span> <span class='ocrx_word' id='word_1_489' title='bbox 621 3902 773 3958; x_wconf 86' lang='lat' dir='ltr'><strong>insistebat</strong></span> <span class='ocrx_word' id='word_1_490' title='bbox 796 3901 937 3968; x_wconf 89' lang='lat' dir='ltr'><strong>humano,</strong></span> 
     </span>
    </p>
   </div>
   <div class='ocr_carea' id='block_1_13' title="bbox 119 3990 940 4069">
    <p class='ocr_par' dir='ltr' id='par_1_14' title="bbox 119 3990 940 4069">
     <span class='ocr_line' id='line_1_53' title="bbox 119 3990 940 4069; baseline -0.013 -13"><span class='ocrx_word' id='word_1_491' title='bbox 119 4000 265 4056; x_wconf 83' lang='lat' dir='ltr'><strong>nlluscans</strong></span> <span class='ocrx_word' id='word_1_492' title='bbox 282 3991 559 4069; x_wconf 86' lang='lat' dir='ltr'><strong>pseudoapostolos;</strong></span> <span class='ocrx_word' id='word_1_493' title='bbox 575 3996 713 4064; x_wconf 79' lang='lat' dir='ltr'><strong>preterea</strong></span> <span class='ocrx_word' id='word_1_494' title='bbox 726 3990 794 4062; x_wconf 86' lang='lat' dir='ltr'><strong>qnia</strong></span> <span class='ocrx_word' id='word_1_495' title='bbox 819 3991 869 4062; x_wconf 89' lang='lat' dir='ltr'><strong>qni</strong></span> <span class='ocrx_word' id='word_1_496' title='bbox 896 3990 940 4046; x_wconf 89' lang='lat' dir='ltr'><strong>ln·</strong></span> 
     </span>
    </p>
   </div>
   <div class='ocr_carea' id='block_1_14' title="bbox 991 3279 1819 4066">
    <p class='ocr_par' dir='ltr' id='par_1_15' title="bbox 991 3279 1819 4066">
     <span class='ocr_line' id='line_1_54' title="bbox 991 3279 1819 3359; baseline 0.011 -25"><span class='ocrx_word' id='word_1_497' title='bbox 991 3281 1090 3349; x_wconf 75' lang='lat' dir='ltr'><strong>[actem</strong></span> <span class='ocrx_word' id='word_1_498' title='bbox 1104 3287 1219 3334; x_wconf 83' lang='lat' dir='ltr'><strong>vestram</strong></span> <span class='ocrx_word' id='word_1_499' title='bbox 1234 3279 1323 3335; x_wconf 85' lang='lat' dir='ltr'><strong>uidere</strong></span> <span class='ocrx_word' id='word_1_500' title='bbox 1337 3284 1368 3335; x_wconf 88' lang='lat' dir='ltr'><strong>in</strong></span> <span class='ocrx_word' id='word_1_501' title='bbox 1381 3281 1468 3337; x_wconf 82' lang='lat' dir='ltr'><strong>malta</strong></span> <span class='ocrx_word' id='word_1_502' title='bbox 1481 3282 1626 3339; x_wconf 80' lang='lat' dir='ltr'><strong>desiderio.</strong></span> <span class='ocrx_word' id='word_1_503' title='bbox 1644 3286 1819 3359; x_wconf 80' lang='lat' dir='ltr'><strong>Quapropter</strong></span> 
     </span>
     <span class='ocr_line' id='line_1_55' title="bbox 992 3367 1818 3442; baseline 0.013 -19"><span class='ocrx_word' id='word_1_504' title='bbox 992 3369 1127 3423; x_wconf 84' lang='lat' dir='ltr'><strong>coluimus</strong></span> <span class='ocrx_word' id='word_1_505' title='bbox 1142 3370 1234 3423; x_wconf 78' lang='lat' dir='ltr'><strong>antire</strong></span> <span class='ocrx_word' id='word_1_506' title='bbox 1247 3367 1283 3422; x_wconf 82' lang='lat' dir='ltr'><strong>acl</strong></span> <span class='ocrx_word' id='word_1_507' title='bbox 1296 3385 1351 3434; x_wconf 85' lang='lat' dir='ltr'><strong>aas,</strong></span> <span class='ocrx_word' id='word_1_508' title='bbox 1367 3386 1417 3440; x_wconf 78' lang='lat' dir='ltr'><strong>epo</strong></span> <span class='ocrx_word' id='word_1_509' title='bbox 1431 3370 1540 3442; x_wconf 82' lang='lat' dir='ltr'><strong>quidem</strong></span> <span class='ocrx_word' id='word_1_510' title='bbox 1555 3372 1660 3428; x_wconf 86' lang='lat' dir='ltr'><strong>Paulas</strong></span> <span class='ocrx_word' id='word_1_511' title='bbox 1681 3381 1710 3429; x_wconf 88' lang='lat' dir='ltr'><strong>et</strong></span> <span class='ocrx_word' id='word_1_512' title='bbox 1736 3377 1818 3434; x_wconf 77' lang='lat' dir='ltr'><strong>serati</strong></span> 
     </span>
     <span class='ocr_line' id='line_1_56' title="bbox 991 3457 1815 3533; baseline 0.012 -21"><span class='ocrx_word' id='word_1_513' title='bbox 991 3465 1016 3512; x_wconf 87' lang='lat' dir='ltr'><strong>et</strong></span> <span class='ocrx_word' id='word_1_514' title='bbox 1032 3461 1141 3521; x_wconf 84' lang='lat' dir='ltr'><strong>iterum,</strong></span> <span class='ocrx_word' id='word_1_515' title='bbox 1157 3465 1181 3512; x_wconf 89' lang='lat' dir='ltr'><strong>et</strong></span> <span class='ocrx_word' id='word_1_516' title='bbox 1196 3457 1335 3528; x_wconf 83' lang='lat' dir='ltr'><strong>impedivit</strong></span> <span class='ocrx_word' id='word_1_517' title='bbox 1350 3475 1400 3513; x_wconf 90' lang='lat' dir='ltr'><strong>nas</strong></span> <span class='ocrx_word' id='word_1_518' title='bbox 1414 3458 1541 3517; x_wconf 88' lang='lat' dir='ltr'><strong>Satanas.</strong></span> <span class='ocrx_word' id='word_1_519' title='bbox 1559 3461 1620 3517; x_wconf 94' lang='lat' dir='ltr'><strong>Non</strong></span> <span class='ocrx_word' id='word_1_520' title='bbox 1638 3463 1754 3533; x_wconf 87' lang='lat' dir='ltr'><strong>animo,</strong></span> <span class='ocrx_word' id='word_1_521' title='bbox 1768 3466 1815 3522; x_wconf 86' lang='lat' dir='ltr'><strong>ssd</strong></span> 
     </span>
     <span class='ocr_line' id='line_1_57' title="bbox 991 3544 1815 3617; baseline 0.013 -17"><span class='ocrx_word' id='word_1_522' title='bbox 991 3562 1110 3617; x_wconf 89' lang='lat' dir='ltr'><strong>corpore</strong></span> <span class='ocrx_word' id='word_1_523' title='bbox 1125 3544 1255 3600; x_wconf 88' lang='lat' dir='ltr'><strong>divulsos</strong></span> <span class='ocrx_word' id='word_1_524' title='bbox 1280 3563 1310 3602; x_wconf 90' lang='lat' dir='ltr'><strong>se</strong></span> <span class='ocrx_word' id='word_1_525' title='bbox 1334 3547 1436 3603; x_wconf 89' lang='lat' dir='ltr'><strong>dicunt</strong></span> <span class='ocrx_word' id='word_1_526' title='bbox 1457 3549 1493 3604; x_wconf 92' lang='lat' dir='ltr'><strong>ab</strong></span> <span class='ocrx_word' id='word_1_527' title='bbox 1515 3549 1567 3605; x_wconf 90' lang='lat' dir='ltr'><strong>eis.</strong></span> <span class='ocrx_word' id='word_1_528' title='bbox 1583 3550 1721 3608; x_wconf 85' lang='lat' dir='ltr'><strong>Charitas</strong></span> <span class='ocrx_word' id='word_1_529' title='bbox 1737 3555 1815 3613; x_wconf 86' lang='lat' dir='ltr'><strong>enim</strong></span> 
     </span>
     <span class='ocr_line' id='line_1_58' title="bbox 992 3633 1814 3714; baseline 0.016 -26"><span class='ocrx_word' id='word_1_530' title='bbox 992 3650 1049 3688; x_wconf 91' lang='lat' dir='ltr'><strong>non</strong></span> <span class='ocrx_word' id='word_1_531' title='bbox 1065 3633 1213 3702; x_wconf 89' lang='lat' dir='ltr'><strong>dividitur,</strong></span> <span class='ocrx_word' id='word_1_532' title='bbox 1228 3651 1280 3689; x_wconf 91' lang='lat' dir='ltr'><strong>nec</strong></span> <span class='ocrx_word' id='word_1_533' title='bbox 1295 3641 1456 3707; x_wconf 90' lang='lat' dir='ltr'><strong>separatur,</strong></span> <span class='ocrx_word' id='word_1_534' title='bbox 1468 3638 1519 3692; x_wconf 89' lang='lat' dir='ltr'><strong>sed</strong></span> <span class='ocrx_word' id='word_1_535' title='bbox 1537 3643 1655 3710; x_wconf 88' lang='lat' dir='ltr'><strong>propter</strong></span> <span class='ocrx_word' id='word_1_536' title='bbox 1671 3644 1814 3714; x_wconf 84' lang='lat' dir='ltr'><strong>majoram</strong></span> 
     </span>
     <span class='ocr_line' id='line_1_59' title="bbox 991 3722 1815 3800; baseline 0.016 -24"><span class='ocrx_word' id='word_1_537' title='bbox 991 3722 1211 3778; x_wconf 90' lang='lat' dir='ltr'><strong>instructionem</strong></span> <span class='ocrx_word' id='word_1_538' title='bbox 1224 3723 1311 3778; x_wconf 87' lang='lat' dir='ltr'><strong>etiam</strong></span> <span class='ocrx_word' id='word_1_539' title='bbox 1326 3725 1427 3780; x_wconf 85' lang='lat' dir='ltr'><strong>luciam</strong></span> <span class='ocrx_word' id='word_1_540' title='bbox 1440 3742 1540 3781; x_wconf 88' lang='lat' dir='ltr'><strong>eorum</strong></span> <span class='ocrx_word' id='word_1_541' title='bbox 1551 3744 1657 3800; x_wconf 86' lang='lat' dir='ltr'><strong>cupere</strong></span> <span class='ocrx_word' id='word_1_542' title='bbox 1668 3746 1700 3786; x_wconf 80' lang='lat' dir='ltr'><strong>se</strong></span> <span class='ocrx_word' id='word_1_543' title='bbox 1712 3732 1815 3789; x_wconf 87' lang='lat' dir='ltr'><strong>dicunt</strong></span> 
     </span>
     <span class='ocr_line' id='line_1_60' title="bbox 992 3811 1816 3878; baseline 0.015 -12"><span class='ocrx_word' id='word_1_544' title='bbox 992 3812 1099 3867; x_wconf 84' lang='lat' dir='ltr'><strong>videre.</strong></span> <span class='ocrx_word' id='word_1_545' title='bbox 1109 3812 1139 3866; x_wconf 95' lang='lat' dir='ltr'><strong>ln</strong></span> <span class='ocrx_word' id='word_1_546' title='bbox 1151 3811 1237 3867; x_wconf 88' lang='lat' dir='ltr'><strong>rebus</strong></span> <span class='ocrx_word' id='word_1_547' title='bbox 1249 3812 1326 3868; x_wconf 90' lang='lat' dir='ltr'><strong>enim</strong></span> <span class='ocrx_word' id='word_1_548' title='bbox 1338 3813 1444 3869; x_wconf 88' lang='lat' dir='ltr'><strong>divinis</strong></span> <span class='ocrx_word' id='word_1_549' title='bbox 1457 3815 1597 3871; x_wconf 85' lang='lat' dir='ltr'><strong>deliciunt</strong></span> <span class='ocrx_word' id='word_1_550' title='bbox 1606 3818 1725 3874; x_wconf 88' lang='lat' dir='ltr'><strong>articuli</strong></span> <span class='ocrx_word' id='word_1_551' title='bbox 1738 3838 1816 3878; x_wconf 89' lang='lat' dir='ltr'><strong>com·</strong></span> 
     </span>
     <span class='ocr_line' id='line_1_61' title="bbox 993 3901 1814 3973; baseline 0.015 -18"><span class='ocrx_word' id='word_1_552' title='bbox 993 3901 1169 3973; x_wconf 88' lang='lat' dir='ltr'><strong>prehendere</strong></span> <span class='ocrx_word' id='word_1_553' title='bbox 1180 3917 1242 3972; x_wconf 82' lang='lat' dir='ltr'><strong>qun</strong></span> <span class='ocrx_word' id='word_1_554' title='bbox 1256 3906 1380 3972; x_wconf 90' lang='lat' dir='ltr'><strong>possunt</strong></span> <span class='ocrx_word' id='word_1_555' title='bbox 1394 3902 1460 3957; x_wconf 90' lang='lat' dir='ltr'><strong>dici.</strong></span> <span class='ocrx_word' id='word_1_556' title='bbox 1473 3902 1530 3959; x_wconf 89' lang='lat' dir='ltr'><strong>Nec</strong></span> <span class='ocrx_word' id='word_1_557' title='bbox 1540 3904 1617 3960; x_wconf 88' lang='lat' dir='ltr'><strong>enim</strong></span> <span class='ocrx_word' id='word_1_558' title='bbox 1629 3907 1745 3965; x_wconf 86' lang='lat' dir='ltr'><strong>sufficit</strong></span> <span class='ocrx_word' id='word_1_559' title='bbox 1755 3910 1814 3967; x_wconf 87' lang='lat' dir='ltr'><strong>diss</strong></span> 
     </span>
     <span class='ocr_line' id='line_1_62' title="bbox 992 3989 1814 4066; baseline 0.012 -21"><span class='ocrx_word' id='word_1_560' title='bbox 992 3989 1066 4061; x_wconf 88' lang='lat' dir='ltr'><strong>stylo</strong></span> <span class='ocrx_word' id='word_1_561' title='bbox 1082 3989 1139 4057; x_wconf 88' lang='lat' dir='ltr'><strong>his,</strong></span> <span class='ocrx_word' id='word_1_562' title='bbox 1156 4006 1219 4060; x_wconf 78' lang='lat' dir='ltr'><strong>quen</strong></span> <span class='ocrx_word' id='word_1_563' title='bbox 1244 4006 1303 4044; x_wconf 91' lang='lat' dir='ltr'><strong>una</strong></span> <span class='ocrx_word' id='word_1_564' title='bbox 1323 3989 1396 4046; x_wconf 88' lang='lat' dir='ltr'><strong>hora</strong></span> <span class='ocrx_word' id='word_1_565' title='bbox 1410 3998 1534 4062; x_wconf 89' lang='lat' dir='ltr'><strong>possunt</strong></span> <span class='ocrx_word' id='word_1_566' title='bbox 1550 3993 1692 4066; x_wconf 89' lang='lat' dir='ltr'><strong>depromi,</strong></span> <span class='ocrx_word' id='word_1_567' title='bbox 1710 4004 1814 4055; x_wconf 91' lang='lat' dir='ltr'><strong>utnon</strong></span> 
     </span>
    </p>
   </div>
   <div class='ocr_carea' id='block_1_15' title="bbox 42 4077 1816 5497">
    <p class='ocr_par' dir='ltr' id='par_1_16' title="bbox 42 4077 1816 4329">
     <span class='ocr_line' id='line_1_63' title="bbox 42 4077 1814 4160; baseline 0 -17"><span class='ocrx_word' id='word_1_568' title='bbox 42 4090 44 4094; x_wconf 83' lang='grc'><strong>’</strong></span> <span class='ocrx_word' id='word_1_569' title='bbox 121 4090 182 4146; x_wconf 92' lang='lat' dir='ltr'><strong>bari</strong></span> <span class='ocrx_word' id='word_1_570' title='bbox 209 4087 358 4156; x_wconf 87' lang='lat' dir='ltr'><strong>insistunt,</strong></span> <span class='ocrx_word' id='word_1_571' title='bbox 385 4100 402 4139; x_wconf 91' lang='lat' dir='ltr'><strong>a</strong></span> <span class='ocrx_word' id='word_1_572' title='bbox 429 4083 516 4138; x_wconf 90' lang='lat' dir='ltr'><strong>malis</strong></span> <span class='ocrx_word' id='word_1_573' title='bbox 539 4079 762 4154; x_wconf 85' lang='lat' dir='ltr'><strong>cogitationibus</strong></span> <span class='ocrx_word' id='word_1_574' title='bbox 791 4078 939 4134; x_wconf 90' lang='lat' dir='ltr'><strong>declinant</strong></span> <span class='ocrx_word' id='word_1_575' title='bbox 992 4077 1085 4133; x_wconf 89' lang='lat' dir='ltr'><strong>dicam</strong></span> <span class='ocrx_word' id='word_1_576' title='bbox 1100 4077 1234 4149; x_wconf 82' lang='lat' dir='ltr'><strong>quadum</strong></span> <span class='ocrx_word' id='word_1_577' title='bbox 1245 4095 1308 4134; x_wconf 91' lang='lat' dir='ltr'><strong>esse</strong></span> <span class='ocrx_word' id='word_1_578' title='bbox 1323 4080 1447 4151; x_wconf 78' lang='lat' dir='ltr'><strong>mystica</strong></span> <span class='ocrx_word' id='word_1_579' title='bbox 1460 4079 1608 4153; x_wconf 79' lang='lat' dir='ltr'><strong>religionis</strong></span> <span class='ocrx_word' id='word_1_580' title='bbox 1619 4090 1740 4155; x_wconf 76' lang='lat' dir='ltr'><strong>nostra,</strong></span> <span class='ocrx_word' id='word_1_581' title='bbox 1752 4103 1814 4160; x_wconf 75' lang='lat' dir='ltr'><strong>qun</strong></span> 
     </span>
     <span class='ocr_line' id='line_1_64' title="bbox 118 4166 1815 4249; baseline 0.003 -20"><span class='ocrx_word' id='word_1_582' title='bbox 118 4181 295 4249; x_wconf 88' lang='lat' dir='ltr'><strong>occupantes</strong></span> <span class='ocrx_word' id='word_1_583' title='bbox 319 4174 449 4230; x_wconf 89' lang='lat' dir='ltr'><strong>animum</strong></span> <span class='ocrx_word' id='word_1_584' title='bbox 475 4187 574 4240; x_wconf 89' lang='lat' dir='ltr'><strong>suum,</strong></span> <span class='ocrx_word' id='word_1_585' title='bbox 589 4172 618 4225; x_wconf 88' lang='lat' dir='ltr'><strong>et</strong></span> <span class='ocrx_word' id='word_1_586' title='bbox 643 4186 659 4224; x_wconf 86' lang='lat' dir='ltr'><strong>a</strong></span> <span class='ocrx_word' id='word_1_587' title='bbox 682 4167 820 4240; x_wconf 89' lang='lat' dir='ltr'><strong>periculis</strong></span> <span class='ocrx_word' id='word_1_588' title='bbox 839 4166 936 4238; x_wconf 90' lang='lat' dir='ltr'><strong>prohi-</strong></span> <span class='ocrx_word' id='word_1_589' title='bbox 991 4170 1109 4238; x_wconf 90' lang='lat' dir='ltr'><strong>propter</strong></span> <span class='ocrx_word' id='word_1_590' title='bbox 1121 4166 1266 4243; x_wconf 86' lang='lat' dir='ltr'><strong>carnalem</strong></span> <span class='ocrx_word' id='word_1_591' title='bbox 1279 4184 1409 4236; x_wconf 90' lang='lat' dir='ltr'><strong>sensum,</strong></span> <span class='ocrx_word' id='word_1_592' title='bbox 1421 4185 1457 4223; x_wconf 89' lang='lat' dir='ltr'><strong>na</strong></span> <span class='ocrx_word' id='word_1_593' title='bbox 1468 4169 1641 4226; x_wconf 90' lang='lat' dir='ltr'><strong>scandalum</strong></span> <span class='ocrx_word' id='word_1_594' title='bbox 1652 4174 1815 4243; x_wconf 80' lang='lat' dir='ltr'><strong>patiantur,</strong></span> 
     </span>
     <span class='ocr_line' id='line_1_65' title="bbox 119 4254 1816 4329; baseline 0.02 -41"><span class='ocrx_word' id='word_1_595' title='bbox 119 4268 229 4323; x_wconf 45' lang='lat' dir='ltr'>bento&amp;</span> <span class='ocrx_word' id='word_1_596' title='bbox 435 4287 445 4315; x_wconf 84' lang='lat'><strong>,</strong></span> <span class='ocrx_word' id='word_1_597' title='bbox 993 4255 1076 4311; x_wconf 87' lang='lat' dir='ltr'><strong>sacilc</strong></span> <span class='ocrx_word' id='word_1_598' title='bbox 1100 4254 1240 4327; x_wconf 84' lang='lat' dir='ltr'><strong>publicari</strong></span> <span class='ocrx_word' id='word_1_599' title='bbox 1267 4273 1322 4312; x_wconf 93' lang='lat' dir='ltr'><strong>non</strong></span> <span class='ocrx_word' id='word_1_600' title='bbox 1350 4257 1484 4325; x_wconf 88' lang='lat' dir='ltr'><strong>debeant,</strong></span> <span class='ocrx_word' id='word_1_601' title='bbox 1500 4260 1570 4329; x_wconf 88' lang='lat' dir='ltr'><strong>quia</strong></span> <span class='ocrx_word' id='word_1_602' title='bbox 1594 4277 1651 4316; x_wconf 92' lang='lat' dir='ltr'><strong>non</strong></span> <span class='ocrx_word' id='word_1_603' title='bbox 1678 4265 1816 4321; x_wconf 81' lang='lat' dir='ltr'><strong>omnibus</strong></span> 
     </span>
    </p>

    <p class='ocr_par' dir='ltr' id='par_1_17' title="bbox 118 4345 1816 5308">
     <span class='ocr_line' id='line_1_66' title="bbox 155 4345 1816 4428; baseline 0 -18"><span class='ocrx_word' id='word_1_604' title='bbox 155 4355 370 4413; x_wconf 77' lang='lat' dir='ltr'><strong>Praedicaoimus</strong></span> <span class='ocrx_word' id='word_1_605' title='bbox 391 4352 466 4407; x_wconf 85' lang='lat' dir='ltr'><strong>robis</strong></span> <span class='ocrx_word' id='word_1_606' title='bbox 489 4350 672 4421; x_wconf 79' lang='lat' dir='ltr'><strong>annpelium</strong></span> <span class='ocrx_word' id='word_1_607' title='bbox 699 4347 757 4402; x_wconf 85' lang='lat' dir='ltr'><strong>Dei.</strong></span> <span class='ocrx_word' id='word_1_608' title='bbox 787 4346 834 4401; x_wconf 87' lang='lat' dir='ltr'><strong>Vos</strong></span> <span class='ocrx_word' id='word_1_609' title='bbox 862 4348 938 4400; x_wconf 87' lang='lat' dir='ltr'><strong>testes</strong></span> <span class='ocrx_word' id='word_1_610' title='bbox 991 4345 1321 4416; x_wconf 86' lang='lat' dir='ltr'><strong>dicendasuntomnin,</strong></span> <span class='ocrx_word' id='word_1_611' title='bbox 1338 4346 1388 4402; x_wconf 91' lang='lat' dir='ltr'><strong>sed</strong></span> <span class='ocrx_word' id='word_1_612' title='bbox 1410 4360 1462 4418; x_wconf 90' lang='lat' dir='ltr'><strong>pro</strong></span> <span class='ocrx_word' id='word_1_613' title='bbox 1480 4347 1816 4428; x_wconf 82' lang='lat' dir='ltr'><strong>uniuscujusquecsplu</strong></span> 
     </span>
     <span class='ocr_line' id='line_1_67' title="bbox 118 4434 1815 4514; baseline -0.002 -12"><span class='ocrx_word' id='word_1_614' title='bbox 118 4448 193 4514; x_wconf 87' lang='lat' dir='ltr'><strong>estis,</strong></span> <span class='ocrx_word' id='word_1_615' title='bbox 207 4448 231 4500; x_wconf 87' lang='lat' dir='ltr'><strong>et</strong></span> <span class='ocrx_word' id='word_1_616' title='bbox 247 4446 324 4512; x_wconf 86' lang='lat' dir='ltr'><strong>llens,</strong></span> <span class='ocrx_word' id='word_1_617' title='bbox 341 4458 424 4513; x_wconf 82' lang='lat' dir='ltr'><strong>quarn</strong></span> <span class='ocrx_word' id='word_1_618' title='bbox 435 4444 539 4509; x_wconf 84' lang='lat' dir='ltr'><strong>sancte,</strong></span> <span class='ocrx_word' id='word_1_619' title='bbox 552 4445 577 4494; x_wconf 89' lang='lat' dir='ltr'><strong>et</strong></span> <span class='ocrx_word' id='word_1_620' title='bbox 594 4439 670 4507; x_wconf 82' lang='lat' dir='ltr'><strong>jaste</strong></span> <span class='ocrx_word' id='word_1_621' title='bbox 692 4440 720 4491; x_wconf 89' lang='lat' dir='ltr'><strong>et</strong></span> <span class='ocrx_word' id='word_1_622' title='bbox 744 4436 804 4490; x_wconf 85' lang='lat' dir='ltr'><strong>sine</strong></span> <span class='ocrx_word' id='word_1_623' title='bbox 829 4435 938 4505; x_wconf 85' lang='lat' dir='ltr'><strong>querela</strong></span> <span class='ocrx_word' id='word_1_624' title='bbox 993 4434 1170 4490; x_wconf 88' lang='lat' dir='ltr'><strong>moderanda</strong></span> <span class='ocrx_word' id='word_1_625' title='bbox 1182 4435 1356 4500; x_wconf 88' lang='lat' dir='ltr'><strong>suntdicta;</strong></span> <span class='ocrx_word' id='word_1_626' title='bbox 1372 4434 1456 4490; x_wconf 88' lang='lat' dir='ltr'><strong>aliter</strong></span> <span class='ocrx_word' id='word_1_627' title='bbox 1466 4437 1600 4504; x_wconf 92' lang='lat' dir='ltr'><strong>rudibus,</strong></span> <span class='ocrx_word' id='word_1_628' title='bbox 1611 4445 1640 4495; x_wconf 91' lang='lat' dir='ltr'><strong>et</strong></span> <span class='ocrx_word' id='word_1_629' title='bbox 1654 4440 1743 4498; x_wconf 86' lang='lat' dir='ltr'><strong>aliter</strong></span> <span class='ocrx_word' id='word_1_630' title='bbox 1754 4443 1815 4499; x_wconf 83' lang='lat' dir='ltr'><strong>iun·</strong></span> 
     </span>
     <span class='ocr_line' id='line_1_68' title="bbox 119 4522 1815 4608; baseline 0 -22"><span class='ocrx_word' id='word_1_631' title='bbox 119 4536 202 4601; x_wconf 78' lang='lat' dir='ltr'><strong>nobis,</strong></span> <span class='ocrx_word' id='word_1_632' title='bbox 218 4536 267 4605; x_wconf 86' lang='lat' dir='ltr'><strong>qai</strong></span> <span class='ocrx_word' id='word_1_633' title='bbox 278 4531 400 4599; x_wconf 70' lang='lat' dir='ltr'><strong>creditis,</strong></span> <span class='ocrx_word' id='word_1_634' title='bbox 415 4532 482 4601; x_wconf 73' lang='lat' dir='ltr'><strong>lacti</strong></span> <span class='ocrx_word' id='word_1_635' title='bbox 495 4544 598 4594; x_wconf 85' lang='lat' dir='ltr'><strong>samus,</strong></span> <span class='ocrx_word' id='word_1_636' title='bbox 613 4528 685 4582; x_wconf 86' lang='lat' dir='ltr'><strong>sicut</strong></span> <span class='ocrx_word' id='word_1_637' title='bbox 704 4525 791 4594; x_wconf 87' lang='lat' dir='ltr'><strong>scitis,</strong></span> <span class='ocrx_word' id='word_1_638' title='bbox 807 4522 976 4608; x_wconf 71' lang='lat' dir='ltr'><strong>qttornodop)</strong></span> <span class='ocrx_word' id='word_1_639' title='bbox 992 4523 1079 4579; x_wconf 88' lang='lat' dir='ltr'><strong>datis.</strong></span> <span class='ocrx_word' id='word_1_640' title='bbox 1089 4523 1197 4579; x_wconf 89' lang='lat' dir='ltr'><strong>Idcirco</strong></span> <span class='ocrx_word' id='word_1_641' title='bbox 1208 4524 1363 4595; x_wconf 76' lang='lat' dir='ltr'><strong>praesentio</strong></span> <span class='ocrx_word' id='word_1_642' title='bbox 1374 4525 1503 4596; x_wconf 85' lang='lat' dir='ltr'><strong>corporis</strong></span> <span class='ocrx_word' id='word_1_643' title='bbox 1513 4527 1682 4598; x_wconf 89' lang='lat' dir='ltr'><strong>requiritur,</strong></span> <span class='ocrx_word' id='word_1_644' title='bbox 1692 4530 1815 4603; x_wconf 82' lang='lat' dir='ltr'><strong>quiasic</strong></span> 
     </span>
     <span class='ocr_line' id='line_1_69' title="bbox 118 4611 1814 4695; baseline -0.001 -16"><span class='ocrx_word' id='word_1_645' title='bbox 118 4638 337 4695; x_wconf 84' lang='lat' dir='ltr'><strong>unumquemque</strong></span> <span class='ocrx_word' id='word_1_646' title='bbox 364 4628 492 4685; x_wconf 87' lang='lat' dir='ltr'><strong>uestram,</strong></span> <span class='ocrx_word' id='word_1_647' title='bbox 514 4621 544 4672; x_wconf 81' lang='lat' dir='ltr'><strong>al</strong></span> <span class='ocrx_word' id='word_1_648' title='bbox 565 4621 644 4689; x_wconf 86' lang='lat' dir='ltr'><strong>pater</strong></span> <span class='ocrx_word' id='word_1_649' title='bbox 666 4613 751 4685; x_wconf 74' lang='lat' dir='ltr'><strong>filios,</strong></span> <span class='ocrx_word' id='word_1_650' title='bbox 768 4612 939 4669; x_wconf 80' lang='lat' dir='ltr'><strong>obsecrantes</strong></span> <span class='ocrx_word' id='word_1_651' title='bbox 993 4611 1141 4684; x_wconf 83' lang='lat' dir='ltr'><strong>perlinitur</strong></span> <span class='ocrx_word' id='word_1_652' title='bbox 1155 4611 1262 4666; x_wconf 84' lang='lat' dir='ltr'><strong>veritas</strong></span> <span class='ocrx_word' id='word_1_653' title='bbox 1275 4611 1436 4668; x_wconf 89' lang='lat' dir='ltr'><strong>charitatis.</strong></span> <span class='ocrx_word' id='word_1_654' title='bbox 1448 4615 1585 4679; x_wconf 84' lang='lat' dir='ltr'><strong>Quamvis</strong></span> <span class='ocrx_word' id='word_1_655' title='bbox 1595 4617 1674 4674; x_wconf 90' lang='lat' dir='ltr'><strong>enim</strong></span> <span class='ocrx_word' id='word_1_656' title='bbox 1685 4619 1814 4678; x_wconf 77' lang='lat' dir='ltr'><strong>charitas</strong></span> 
     </span>
     <span class='ocr_line' id='line_1_70' title="bbox 119 4699 1814 4781; baseline -0.001 -13"><span class='ocrx_word' id='word_1_657' title='bbox 119 4729 163 4768; x_wconf 89' lang='lat' dir='ltr'><strong>uos</strong></span> <span class='ocrx_word' id='word_1_658' title='bbox 175 4717 201 4768; x_wconf 86' lang='lat' dir='ltr'><strong>et</strong></span> <span class='ocrx_word' id='word_1_659' title='bbox 223 4712 392 4768; x_wconf 84' lang='lat' dir='ltr'><strong>consulentes</strong></span> <span class='ocrx_word' id='word_1_660' title='bbox 406 4709 498 4781; x_wconf 81' lang='lat'>(1279)</span> <span class='ocrx_word' id='word_1_661' title='bbox 523 4707 559 4762; x_wconf 85' lang='lat' dir='ltr'><strong>ad</strong></span> <span class='ocrx_word' id='word_1_662' title='bbox 579 4706 637 4772; x_wconf 77' lang='lat' dir='ltr'><strong>lice,</strong></span> <span class='ocrx_word' id='word_1_663' title='bbox 654 4709 683 4759; x_wconf 90' lang='lat' dir='ltr'><strong>ut</strong></span> <span class='ocrx_word' id='word_1_664' title='bbox 697 4703 842 4758; x_wconf 84' lang='lat' dir='ltr'><strong>ambuletis</strong></span> <span class='ocrx_word' id='word_1_665' title='bbox 858 4700 940 4772; x_wconf 77' lang='lat' dir='ltr'><strong>diane</strong></span> <span class='ocrx_word' id='word_1_666' title='bbox 994 4717 1052 4756; x_wconf 93' lang='lat' dir='ltr'><strong>non</strong></span> <span class='ocrx_word' id='word_1_667' title='bbox 1063 4699 1218 4767; x_wconf 85' lang='lat' dir='ltr'><strong>dividatur,</strong></span> <span class='ocrx_word' id='word_1_668' title='bbox 1230 4699 1408 4756; x_wconf 87' lang='lat' dir='ltr'><strong>desiderium</strong></span> <span class='ocrx_word' id='word_1_669' title='bbox 1420 4707 1516 4758; x_wconf 90' lang='lat' dir='ltr'><strong>tamen</strong></span> <span class='ocrx_word' id='word_1_670' title='bbox 1528 4703 1597 4759; x_wconf 88' lang='lat' dir='ltr'><strong>iacit</strong></span> <span class='ocrx_word' id='word_1_671' title='bbox 1607 4705 1814 4766; x_wconf 85' lang='lat' dir='ltr'><strong>absentiacor·</strong></span> 
     </span>
     <span class='ocr_line' id='line_1_71' title="bbox 122 4789 1813 4872; baseline 0.004 -24"><span class='ocrx_word' id='word_1_672' title='bbox 122 4806 189 4872; x_wconf 77' lang='lat' dir='ltr'><strong>Deo,</strong></span> <span class='ocrx_word' id='word_1_673' title='bbox 214 4804 262 4871; x_wconf 78' lang='lat' dir='ltr'><strong>qni</strong></span> <span class='ocrx_word' id='word_1_674' title='bbox 286 4808 362 4855; x_wconf 86' lang='lat' dir='ltr'><strong>uorat</strong></span> <span class='ocrx_word' id='word_1_675' title='bbox 384 4814 432 4852; x_wconf 85' lang='lat' dir='ltr'><strong>ros</strong></span> <span class='ocrx_word' id='word_1_676' title='bbox 456 4800 485 4850; x_wconf 84' lang='lat' dir='ltr'><strong>ia</strong></span> <span class='ocrx_word' id='word_1_677' title='bbox 512 4812 592 4850; x_wconf 79' lang='lat' dir='ltr'><strong>suram</strong></span> <span class='ocrx_word' id='word_1_678' title='bbox 615 4810 730 4862; x_wconf 83' lang='lat' dir='ltr'><strong>repnnnr</strong></span> <span class='ocrx_word' id='word_1_679' title='bbox 757 4794 782 4847; x_wconf 88' lang='lat' dir='ltr'><strong>et</strong></span> <span class='ocrx_word' id='word_1_680' title='bbox 810 4791 937 4862; x_wconf 79' lang='lat' dir='ltr'><strong>pieriam.</strong></span> <span class='ocrx_word' id='word_1_681' title='bbox 994 4789 1221 4862; x_wconf 73' lang='lat' dir='ltr'><strong>ponebamque</strong></span> <span class='ocrx_word' id='word_1_682' title='bbox 1231 4789 1388 4856; x_wconf 89' lang='lat' dir='ltr'><strong>osculis,et</strong></span> <span class='ocrx_word' id='word_1_683' title='bbox 1398 4790 1532 4863; x_wconf 82' lang='lat' dir='ltr'><strong>amplexu</strong></span> <span class='ocrx_word' id='word_1_684' title='bbox 1543 4793 1813 4869; x_wconf 82' lang='lat' dir='ltr'><strong>animorumexplc·</strong></span> 
     </span>
     <span class='ocr_line' id='line_1_72' title="bbox 121 4877 1813 4951; baseline -0.005 -2"><span class='ocrx_word' id='word_1_685' title='bbox 121 4890 274 4949; x_wconf 86' lang='lat' dir='ltr'><strong>llanisesta</strong></span> <span class='ocrx_word' id='word_1_686' title='bbox 288 4888 435 4942; x_wconf 80' lang='lat' dir='ltr'><strong>sunthac.</strong></span> <span class='ocrx_word' id='word_1_687' title='bbox 448 4883 705 4941; x_wconf 87' lang='lat' dir='ltr'><strong>Commouetenim</strong></span> <span class='ocrx_word' id='word_1_688' title='bbox 718 4880 783 4936; x_wconf 92' lang='lat' dir='ltr'><strong>illos</strong></span> <span class='ocrx_word' id='word_1_689' title='bbox 795 4879 939 4950; x_wconf 88' lang='lat' dir='ltr'><strong>quomodo</strong></span> <span class='ocrx_word' id='word_1_690' title='bbox 993 4884 1042 4932; x_wconf 90' lang='lat' dir='ltr'><strong>tur</strong></span> <span class='ocrx_word' id='word_1_691' title='bbox 1067 4877 1210 4933; x_wconf 83' lang='lat' dir='ltr'><strong>voluntas.</strong></span> <span class='ocrx_word' id='word_1_692' title='bbox 1227 4877 1277 4932; x_wconf 89' lang='lat' dir='ltr'><strong>Cui</strong></span> <span class='ocrx_word' id='word_1_693' title='bbox 1304 4878 1343 4934; x_wconf 91' lang='lat' dir='ltr'><strong>rei</strong></span> <span class='ocrx_word' id='word_1_694' title='bbox 1370 4880 1576 4951; x_wconf 87' lang='lat' dir='ltr'><strong>impedimento</strong></span> <span class='ocrx_word' id='word_1_695' title='bbox 1599 4882 1691 4939; x_wconf 83' lang='lat' dir='ltr'><strong>inisse</strong></span> <span class='ocrx_word' id='word_1_696' title='bbox 1712 4885 1813 4943; x_wconf 77' lang='lat' dir='ltr'><strong>asserit</strong></span> 
     </span>
     <span class='ocr_line' id='line_1_73' title="bbox 120 4967 1814 5046; baseline -0.002 -10"><span class='ocrx_word' id='word_1_697' title='bbox 120 4978 298 5036; x_wconf 85' lang='lat' dir='ltr'><strong>crediderint</strong></span> <span class='ocrx_word' id='word_1_698' title='bbox 322 4992 352 5031; x_wconf 89' lang='lat' dir='ltr'><strong>se</strong></span> <span class='ocrx_word' id='word_1_699' title='bbox 377 4973 559 5046; x_wconf 80' lang='lat' dir='ltr'><strong>praedicante,</strong></span> <span class='ocrx_word' id='word_1_700' title='bbox 575 4977 603 5027; x_wconf 92' lang='lat' dir='ltr'><strong>et</strong></span> <span class='ocrx_word' id='word_1_701' title='bbox 619 4969 733 5043; x_wconf 91' lang='lat' dir='ltr'><strong>qualem</strong></span> <span class='ocrx_word' id='word_1_702' title='bbox 750 4986 816 5024; x_wconf 88' lang='lat' dir='ltr'><strong>eum</strong></span> <span class='ocrx_word' id='word_1_703' title='bbox 833 4967 939 5023; x_wconf 88' lang='lat' dir='ltr'><strong>luerint</strong></span> <span class='ocrx_word' id='word_1_704' title='bbox 993 4971 1128 5036; x_wconf 78' lang='lat' dir='ltr'><strong>Satanan,</strong></span> <span class='ocrx_word' id='word_1_705' title='bbox 1141 4967 1210 5039; x_wconf 86' lang='lat' dir='ltr'><strong>quia</strong></span> <span class='ocrx_word' id='word_1_706' title='bbox 1224 4967 1311 5022; x_wconf 86' lang='lat' dir='ltr'><strong>etiam</strong></span> <span class='ocrx_word' id='word_1_707' title='bbox 1327 4968 1465 5039; x_wconf 88' lang='lat' dir='ltr'><strong>apostolis</strong></span> <span class='ocrx_word' id='word_1_708' title='bbox 1480 4987 1585 5026; x_wconf 89' lang='lat' dir='ltr'><strong>manus</strong></span> <span class='ocrx_word' id='word_1_709' title='bbox 1601 4971 1702 5029; x_wconf 89' lang='lat' dir='ltr'><strong>obvias</strong></span> <span class='ocrx_word' id='word_1_710' title='bbox 1719 4975 1814 5032; x_wconf 82' lang='lat' dir='ltr'><strong>tenis-</strong></span> 
     </span>
     <span class='ocr_line' id='line_1_74' title="bbox 121 5055 1812 5143; baseline 0.009 -37"><span class='ocrx_word' id='word_1_711' title='bbox 121 5068 231 5143; x_wconf 60' lang='lat' dir='ltr'><strong>experri</strong></span> <span class='ocrx_word' id='word_1_712' title='bbox 258 5071 286 5123; x_wconf 61' lang='lat' dir='ltr'><strong>et</strong></span> <span class='ocrx_word' id='word_1_713' title='bbox 311 5081 373 5136; x_wconf 79' lang='lat' dir='ltr'><strong>quae</strong></span> <span class='ocrx_word' id='word_1_714' title='bbox 397 5066 538 5136; x_wconf 80' lang='lat' dir='ltr'><strong>precepta</strong></span> <span class='ocrx_word' id='word_1_715' title='bbox 552 5061 664 5116; x_wconf 81' lang='lat' dir='ltr'><strong>dederit</strong></span> <span class='ocrx_word' id='word_1_716' title='bbox 678 5060 730 5125; x_wconf 87' lang='lat' dir='ltr'><strong>cis,</strong></span> <span class='ocrx_word' id='word_1_717' title='bbox 744 5063 777 5113; x_wconf 89' lang='lat' dir='ltr'><strong>ut</strong></span> <span class='ocrx_word' id='word_1_718' title='bbox 792 5058 872 5129; x_wconf 83' lang='lat' dir='ltr'><strong>digni</strong></span> <span class='ocrx_word' id='word_1_719' title='bbox 889 5058 938 5113; x_wconf 86' lang='lat' dir='ltr'><strong>de·</strong></span> <span class='ocrx_word' id='word_1_720' title='bbox 993 5056 1052 5121; x_wconf 88' lang='lat' dir='ltr'><strong>bot,</strong></span> <span class='ocrx_word' id='word_1_721' title='bbox 1084 5072 1118 5112; x_wconf 92' lang='lat' dir='ltr'><strong>ns</strong></span> <span class='ocrx_word' id='word_1_722' title='bbox 1151 5055 1281 5112; x_wconf 87' lang='lat' dir='ltr'><strong>veritalis</strong></span> <span class='ocrx_word' id='word_1_723' title='bbox 1315 5058 1387 5112; x_wconf 89' lang='lat' dir='ltr'><strong>ratio</strong></span> <span class='ocrx_word' id='word_1_724' title='bbox 1421 5058 1590 5115; x_wconf 87' lang='lat' dir='ltr'><strong>bominibus</strong></span> <span class='ocrx_word' id='word_1_725' title='bbox 1624 5063 1812 5132; x_wconf 82' lang='lat' dir='ltr'><strong>panderetur.</strong></span> 
     </span>
     <span class='ocr_line' id='line_1_75' title="bbox 120 5145 1812 5227; baseline -0.002 -12"><span class='ocrx_word' id='word_1_726' title='bbox 120 5152 542 5227; x_wconf 77' lang='lat' dir='ltr'><strong>rentlteo,quiillosvocarit</strong></span> <span class='ocrx_word' id='word_1_727' title='bbox 565 5151 600 5205; x_wconf 91' lang='lat' dir='ltr'><strong>de</strong></span> <span class='ocrx_word' id='word_1_728' title='bbox 625 5149 709 5205; x_wconf 91' lang='lat' dir='ltr'><strong>terris</strong></span> <span class='ocrx_word' id='word_1_729' title='bbox 735 5148 764 5202; x_wconf 91' lang='lat' dir='ltr'><strong>in</strong></span> <span class='ocrx_word' id='word_1_730' title='bbox 792 5145 890 5215; x_wconf 88' lang='lat' dir='ltr'><strong>coelos,</strong></span> <span class='ocrx_word' id='word_1_731' title='bbox 908 5150 940 5201; x_wconf 90' lang='lat' dir='ltr'><strong>ut</strong></span> <span class='ocrx_word' id='word_1_732' title='bbox 992 5145 1456 5217; x_wconf 82' lang='lat' dir='ltr'><strong>Accendebateninrperddorum</strong></span> <span class='ocrx_word' id='word_1_733' title='bbox 1473 5152 1812 5213; x_wconf 75' lang='lat' dir='ltr'><strong>mentesuteosverbs·</strong></span> 
     </span>
     <span class='ocr_line' id='line_1_76' title="bbox 119 5232 1810 5308; baseline 0.018 -41"><span class='ocrx_word' id='word_1_734' title='bbox 119 5247 276 5303; x_wconf 54' lang='lat' dir='ltr'>exsuscitet</span> <span class='ocrx_word' id='word_1_735' title='bbox 290 5243 418 5300; x_wconf 60' lang='lat' dir='ltr'><strong>laemjam</strong></span> <span class='ocrx_word' id='word_1_736' title='bbox 437 5240 565 5297; x_wconf 54' lang='lat' dir='ltr'><strong>plorum,</strong></span> <span class='ocrx_word' id='word_1_737' title='bbox 993 5234 1073 5289; x_wconf 90' lang='lat' dir='ltr'><strong>ribus</strong></span> <span class='ocrx_word' id='word_1_738' title='bbox 1085 5251 1117 5289; x_wconf 92' lang='lat' dir='ltr'><strong>nc</strong></span> <span class='ocrx_word' id='word_1_739' title='bbox 1128 5232 1252 5289; x_wconf 84' lang='lat' dir='ltr'><strong>vinculis</strong></span> <span class='ocrx_word' id='word_1_740' title='bbox 1263 5235 1435 5303; x_wconf 89' lang='lat' dir='ltr'><strong>detinerent,</strong></span> <span class='ocrx_word' id='word_1_741' title='bbox 1447 5253 1482 5292; x_wconf 89' lang='lat' dir='ltr'><strong>na</strong></span> <span class='ocrx_word' id='word_1_742' title='bbox 1493 5236 1681 5308; x_wconf 86' lang='lat' dir='ltr'><strong>loquerentur</strong></span> <span class='ocrx_word' id='word_1_743' title='bbox 1690 5241 1810 5298; x_wconf 88' lang='lat' dir='ltr'><strong>verbum</strong></span> 
     </span>
    </p>

    <p class='ocr_par' dir='ltr' id='par_1_18' title="bbox 120 5323 1810 5497">
     <span class='ocr_line' id='line_1_77' title="bbox 154 5323 1809 5408; baseline -0.001 -19"><span class='ocrx_word' id='word_1_744' title='bbox 154 5337 265 5408; x_wconf 81' lang='lat' dir='ltr'><strong>ldeaqac</strong></span> <span class='ocrx_word' id='word_1_745' title='bbox 288 5343 313 5390; x_wconf 84' lang='lat' dir='ltr'><strong>et</strong></span> <span class='ocrx_word' id='word_1_746' title='bbox 335 5349 384 5389; x_wconf 89' lang='lat' dir='ltr'><strong>nos</strong></span> <span class='ocrx_word' id='word_1_747' title='bbox 406 5332 511 5401; x_wconf 77' lang='lat' dir='ltr'><strong>oratius</strong></span> <span class='ocrx_word' id='word_1_748' title='bbox 532 5329 640 5400; x_wconf 73' lang='lat' dir='ltr'><strong>apicas</strong></span> <span class='ocrx_word' id='word_1_749' title='bbox 656 5327 708 5382; x_wconf 86' lang='lat' dir='ltr'><strong>Deo</strong></span> <span class='ocrx_word' id='word_1_750' title='bbox 722 5326 780 5380; x_wconf 88' lang='lat' dir='ltr'><strong>sine</strong></span> <span class='ocrx_word' id='word_1_751' title='bbox 794 5327 938 5381; x_wconf 77' lang='lat' dir='ltr'><strong>internis·</strong></span> <span class='ocrx_word' id='word_1_752' title='bbox 994 5323 1051 5377; x_wconf 80' lang='lat' dir='ltr'><strong>Dei.</strong></span> <span class='ocrx_word' id='word_1_753' title='bbox 1069 5323 1210 5378; x_wconf 84' lang='lat' dir='ltr'><strong>Dixerunt</strong></span> <span class='ocrx_word' id='word_1_754' title='bbox 1225 5323 1303 5379; x_wconf 88' lang='lat' dir='ltr'><strong>enim</strong></span> <span class='ocrx_word' id='word_1_755' title='bbox 1320 5326 1444 5395; x_wconf 85' lang='lat' dir='ltr'><strong>majores</strong></span> <span class='ocrx_word' id='word_1_756' title='bbox 1458 5327 1624 5384; x_wconf 81' lang='lat' dir='ltr'><strong>iudeorum</strong></span> <span class='ocrx_word' id='word_1_757' title='bbox 1646 5330 1809 5402; x_wconf 84' lang='lat' dir='ltr'><strong>apostolis:</strong></span> 
     </span>
     <span class='ocr_line' id='line_1_78' title="bbox 120 5412 1810 5497; baseline -0.002 -16"><span class='ocrx_word' id='word_1_758' title='bbox 120 5426 205 5491; x_wconf 87' lang='lat' dir='ltr'><strong>sione,</strong></span> <span class='ocrx_word' id='word_1_759' title='bbox 223 5424 369 5497; x_wconf 84' lang='lat' dir='ltr'><strong>quodcum</strong></span> <span class='ocrx_word' id='word_1_760' title='bbox 382 5419 550 5493; x_wconf 84' lang='lat' dir='ltr'><strong>accepissetis</strong></span> <span class='ocrx_word' id='word_1_761' title='bbox 569 5434 586 5473; x_wconf 91' lang='lat' dir='ltr'><strong>a</strong></span> <span class='ocrx_word' id='word_1_762' title='bbox 608 5415 686 5471; x_wconf 84' lang='lat' dir='ltr'><strong>nolis</strong></span> <span class='ocrx_word' id='word_1_763' title='bbox 702 5414 812 5470; x_wconf 83' lang='lat' dir='ltr'><strong>certum</strong></span> <span class='ocrx_word' id='word_1_764' title='bbox 826 5413 938 5470; x_wconf 83' lang='lat' dir='ltr'><strong>auditas</strong></span> <span class='ocrx_word' id='word_1_765' title='bbox 993 5412 1093 5468; x_wconf 85' lang='lat' dir='ltr'><strong>Nonne</strong></span> <span class='ocrx_word' id='word_1_766' title='bbox 1104 5412 1305 5484; x_wconf 81' lang='lat' dir='ltr'><strong>precipientes</strong></span> <span class='ocrx_word' id='word_1_767' title='bbox 1315 5415 1551 5472; x_wconf 89' lang='lat' dir='ltr'><strong>denuntiavimus</strong></span> <span class='ocrx_word' id='word_1_768' title='bbox 1562 5416 1652 5487; x_wconf 85' lang='lat' dir='ltr'><strong>robis,</strong></span> <span class='ocrx_word' id='word_1_769' title='bbox 1664 5435 1701 5475; x_wconf 90' lang='lat' dir='ltr'><strong>ne</strong></span> <span class='ocrx_word' id='word_1_770' title='bbox 1711 5417 1810 5494; x_wconf 83' lang='lat' dir='ltr'><strong>loque·</strong></span> 
     </span>
    </p>
   </div>
   <div class='ocr_carea' id='block_1_16' title="bbox 122 5517 1810 5665">
    <p class='ocr_par' dir='ltr' id='par_1_19' title="bbox 122 5517 1810 5665">
     <span class='ocr_line' id='line_1_79' title="bbox 156 5517 1810 5613; baseline 0.001 -28"><span class='ocrx_word' id='word_1_771' title='bbox 156 5531 247 5613; x_wconf 60' lang='lat'><strong>(1278)</strong></span> <span class='ocrx_word' id='word_1_772' title='bbox 263 5530 305 5587; x_wconf 78' lang='lat' dir='ltr'><strong>tie</strong></span> <span class='ocrx_word' id='word_1_773' title='bbox 328 5528 484 5588; x_wconf 72' lang='lat' dir='ltr'><strong>haminibus</strong></span> <span class='ocrx_word' id='word_1_774' title='bbox 507 5524 586 5599; x_wconf 80' lang='lat' dir='ltr'><strong>legit.</strong></span> <span class='ocrx_word' id='word_1_775' title='bbox 613 5520 707 5596; x_wconf 72' lang='lat' dir='ltr'><strong>iulg,</strong></span> <span class='ocrx_word' id='word_1_776' title='bbox 722 5525 750 5580; x_wconf 86' lang='lat' dir='ltr'><strong>et</strong></span> <span class='ocrx_word' id='word_1_777' title='bbox 767 5521 853 5580; x_wconf 88' lang='lat' dir='ltr'><strong>divus</strong></span> <span class='ocrx_word' id='word_1_778' title='bbox 868 5528 938 5579; x_wconf 77' lang='lat' dir='ltr'><strong>Am·</strong></span> <span class='ocrx_word' id='word_1_779' title='bbox 1026 5519 1118 5593; x_wconf 71' lang='lat'>(1279)</span> <span class='ocrx_word' id='word_1_780' title='bbox 1132 5517 1216 5592; x_wconf 87' lang='lat' dir='ltr'><strong>Vulg.</strong></span> <span class='ocrx_word' id='word_1_781' title='bbox 1228 5523 1257 5575; x_wconf 88' lang='lat' dir='ltr'><strong>at</strong></span> <span class='ocrx_word' id='word_1_782' title='bbox 1271 5520 1355 5578; x_wconf 87' lang='lat' dir='ltr'><strong>divus</strong></span> <span class='ocrx_word' id='word_1_783' title='bbox 1366 5523 1539 5583; x_wconf 74' lang='lat' dir='ltr'><strong>ambrosius</strong></span> <span class='ocrx_word' id='word_1_784' title='bbox 1549 5527 1578 5582; x_wconf 87' lang='lat' dir='ltr'><strong>st</strong></span> <span class='ocrx_word' id='word_1_785' title='bbox 1592 5524 1810 5605; x_wconf 75' lang='lat' dir='ltr'><strong>dirustrysc-</strong></span> 
     </span>
     <span class='ocr_line' id='line_1_80' title="bbox 122 5592 1314 5665; baseline -0.01 -3"><span class='ocrx_word' id='word_1_786' title='bbox 122 5607 249 5665; x_wconf 81' lang='lat' dir='ltr'><strong>brasias.</strong></span> <span class='ocrx_word' id='word_1_787' title='bbox 992 5595 1116 5665; x_wconf 74' lang='lat' dir='ltr'><strong>stonum,</strong></span> <span class='ocrx_word' id='word_1_788' title='bbox 1136 5592 1314 5651; x_wconf 68' lang='lat' dir='ltr'><strong>metantes.</strong></span> 
     </span>
    </p>
   </div>
   <div class='ocr_carea' id='block_1_17' title="bbox 0 0 1958 6096">
    <p class='ocr_par' dir='ltr' id='par_1_20' title="bbox 0 0 1958 6096">
     <span class='ocr_line' id='line_1_81' title="bbox 0 0 1958 6096; baseline 0 1"><span class='ocrx_word' id='word_1_789' title='bbox 0 0 1958 6096; x_wconf 95' lang='lat' dir='ltr'><strong> </strong></span> 
     </span>
    </p>
   </div>
  </div>
 </body>
</html>
