3908 6096
126 286 186 353 ffli
426 289 635 353 uxrosmo
655 291 696 355 tn
717 290 933 355 EPlS'l'OerS
954 291 1085 355 usust.
1097 324 1137 340 -
1149 295 1190 357 tu
1210 295 1337 359 bessu.
1358 295 1411 356 Ab
1431 294 1527 357 null.
1766 301 1827 365 202

127 431 298 489 repugnans
311 417 369 493 legi
385 421 494 478 mentis
517 421 643 479 nostris?
665 422 703 480 Ut
725 438 793 496 erpo
816 424 953 507 ostendat
965 425 993 493 Α
1006 431 1047 480 est
1060 426 1279 496 fornicationem,
1301 430 1356 484 etc.
1368 425 1436 497 (dot.
1453 443 1496 494 111,
1510 426 1549 499 5).
1566 426 1611 484 llli
1631 428 1735 502 spiritu
1752 431 1829 489 lecte

127 504 288 577 Apostolus
309 523 452 582 magnum
474 511 584 567 donum
597 511 749 584 redempto
764 512 876 569 bomini
888 528 954 571 esse
1005 514 1103 571 carnis
1122 515 1310 583 mortificant,
1325 515 1387 588 qui,
1411 514 1521 588 Spiritu
1548 521 1651 573 sunuto
1678 524 1827 593 operante,

128 592 282 663 cubatum,
298 597 449 669 respondit
466 598 503 654 ad
524 597 585 655 hec
601 615 609 656 :
627 600 703 669 Quod
717 602 743 656 si
756 602 872 673 spiritu
893 601 954 673 ejus
1005 601 1077 658 vitia
1092 607 1120 657 et
1134 607 1252 675 peccata
1270 604 1301 661 in
1322 604 1491 676 semetipsis
1505 603 1707 678 exstinguunt,
1721 612 1751 665 st
1764 625 1828 666 ocr-

124 682 178 755 pui
190 685 336 741 suscitavit
357 689 625 757 iesumumcrtuis,
640 687 889 754 bctitmtuocbis,
905 691 954 761 put
1007 704 1079 763 pore
1104 708 1159 749 sus
1183 693 1342 765 uestigant,
1372 698 1402 749 et
1429 694 1460 749 in
1485 693 1655 753 servitutem
1691 697 1830 771 redigunt

126 773 275 831 muccis
295 778 391 835 issum
413 774 551 833 ddristum
570 793 589 834 u
606 777 732 849 mortuis,
757 775 908 848 vivificabit
927 786 954 835 et
1006 778 1032 851 (ι
1044 782 1109 837 Gor.
1125 797 1165 849 rx,
1178 780 1236 852 27),
1252 781 1376 852 ideoque
1388 780 1497 851 uiuent,
1508 798 1566 840 non
1580 786 1642 840 tem
1655 783 1717 842 vita
1729 801 1830 859 corpo·

126 861 268 917 morietis
279 877 393 934 corporo
411 866 511 932 oestro,
525 868 637 936 propter
649 865 850 922 umbtunum
863 866 953 937 Spiri·
1007 867 1049 924 ris
1067 884 1156 940 quem
1180 869 1239 925 vita
1263 868 1368 926 enimn
1390 873 1420 925 st
1441 874 1554 927 uterne
1576 870 1779 933 bestitudinis.
1794 875 1829 931 ut

127 955 189 1005 tecm
202 950 262 1021 ejus
275 951 306 1006 iu
318 951 402 1008 uobis.
417 951 572 1025 Tanquam
587 954 697 1009 diceret
713 969 720 1010 :
739 969 880 1026 magnum
896 955 954 1010 uti·
1007 957 1094 1029 quasi
1108 957 1258 1015 dicerent:
1276 958 1354 1014 unde
1369 958 1558 1030 probabimus
1576 960 1717 1032 Spiritum
1731 961 1783 1019 Dei
1797 963 1828 1019 in

128 1053 188 1111 que
213 1054 323 1095 munus
346 1040 499 1112 redempto
522 1041 635 1098 bomini
660 1041 799 1099 collatum
809 1044 884 1115 (273)
899 1047 954 1109 est,
1007 1045 1098 1102 nobie
1113 1045 1201 1103 esset
1223 1046 1381 1119 subjungit
1406 1063 1413 1102 :
1440 1048 1601 1120 Quicunque
1622 1051 1700 1107 euim
1721 1050 1829 1123 Spiritu

130 1125 272 1199 quonism
284 1127 832 1203 noneolumanimarelaxstispeccatis
843 1131 872 1187 iu
884 1148 955 1204 pre·
1007 1134 1058 1191 Dei
1070 1142 1205 1204 spuatur,
1220 1136 1244 1190 ii
1257 1135 1312 1206 itii
1333 1142 1398 1190 suut
1421 1135 1478 1191 Dei.
1495 1136 1531 1192 ut
1553 1141 1600 1193 est
1621 1155 1726 1197 sensus
1742 1155 1750 1195 z
1765 1138 1828 1197 bec

130 1214 209 1272 senti
222 1214 303 1284 vivit,
314 1216 366 1273 sed
379 1217 467 1274 stium
484 1218 793 1290 corpusviviilcsbitnr
804 1223 834 1276 et
847 1219 887 1274 ad·
898 1219 953 1275 im·
1008 1226 1054 1279 eet
1068 1238 1135 1279 vern
1149 1223 1281 1295 probatio
1296 1222 1423 1280 liliorum
1439 1222 1501 1293 liei,
1513 1223 1538 1279 si
1553 1224 1660 1296 spiritu
1673 1226 1725 1283 Dei
1738 1243 1829 1301 agun-

132 1302 325 1361 mortalitatis
339 1305 465 1377 glorium
479 1306 704 1364 truusibit.lneo
714 1323 785 1365 sene
794 1307 871 1380 quud
883 1307 956 1365 dicit
1007 1314 1065 1367 tur.
1080 1310 1192 1383 Spiritu
1208 1311 1259 1367 Dei
1274 1310 1317 1367 illi
1332 1314 1471 1384 aguntur,
1487 1310 1517 1367 id
1536 1317 1593 1381 est,
1607 1312 1765 1388 ducuntur,
1776 1314 1828 1387 qui

128 1392 181 1465 qui
206 1392 359 1449 suscitavit
380 1394 481 1451 iesum
497 1394 646 1451 Christum
670 1411 688 1452 a
709 1396 846 1466 mortuis,
861 1396 953 1454 Deum
1006 1398 1132 1472 Spiritus
1146 1399 1241 1455 suncti
1256 1400 1351 1473 gratia
1365 1399 1402 1457 sd
1421 1416 1482 1456 su·
1504 1401 1613 1457 mentis
1627 1402 1827 1476 compunctio-

127 1481 245 1539 Patrem
259 1481 323 1539 uult
336 1481 477 1556 intelligi3
493 1499 551 1539 non
572 1488 670 1541 umen
695 1484 759 1557 ipse
781 1484 864 1543 solus
884 1502 954 1543 eum
1007 1502 1075 1545 uem
1089 1487 1127 1544 ad
1141 1487 1287 1561 lacrymas
1304 1491 1333 1544 et
1352 1492 1456 1545 cetera
1469 1487 1517 1545 bis
1530 1487 1641 1547 similis
1652 1490 1828 1558 excitantur,

127 1569 293 1639 suscitavit,
308 1572 360 1627 sed
383 1576 414 1629 et
435 1570 539 1640 Filius,
552 1582 581 1629 et
595 1572 723 1645 Spiritus
736 1578 869 1642 senctus,
884 1574 955 1647 quia
1005 1578 1037 1635 st
1049 1575 1114 1633 ideo
1130 1575 1183 1632 lilii
1196 1580 1268 1633 sunt
1280 1575 1340 1633 Dei.

127 1657 223 1717 totius
237 1658 391 1717 Trinitatis
405 1676 464 1717 una
478 1664 524 1718 est
536 1662 677 1734 operatio.
689 1662 724 1718 Et
738 1662 954 1734 notequiauon
1042 1664 1148 1738 Magus
1176 1669 1276 1722 autem
1299 1664 1427 1737 dignitas
1451 1664 1622 1723 bominibus
1640 1665 1746 1724 collata
1771 1669 1828 1735 eet,

126 1746 172 1805 sit
184 1751 302 1805 mortua
324 1763 458 1822 corpore,
471 1749 524 1806 sed
546 1751 795 1808 mutabundum
821 1750 900 1808 enim
923 1751 954 1807 in
968 1795 993 1863 B
1008 1753 1148 1826 quonism
1162 1753 1214 1825 qui
1235 1769 1294 1810 non
1317 1756 1401 1810 erent
1412 1753 1494 1826 digni
1513 1757 1546 1810 ut
1559 1758 1733 1811 vocarentur
1755 1753 1831 1813 servi

128 1836 267 1909 paradiso
282 1837 416 1893 mortalis
437 1842 500 1894 erut
517 1843 586 1895 unte
607 1844 770 1909 peccatum,
785 1842 856 1912 quin
879 1840 954 1897 mori
1007 1842 1194 1909 licitantem
1207 1845 1380 1913 possessum
1395 1841 1832 1914 acceperuntutsintetvoceu·

126 1930 253 2000 poterat,
263 1925 289 1984 si
302 1931 451 1999 peccarem
464 1927 541 1985 deut
554 1932 584 1984 et
595 1933 729 1987 mortuus
741 1933 797 1996 est,
807 1946 875 1987 oum
890 1945 955 2002 pec-
1007 1933 1056 1986 tur
1070 1929 1123 1985 titii
1141 1929 1194 1987 Dei
1208 1929 1233 2001 (l
1244 1930 1325 1986 icuu.
1340 1946 1384 2002 ιιι,
1400 1931 1437 2000 l).
1453 1931 1556 2002 ltaque
1570 1929 1621 2003 qui
1645 1929 1756 2004 Spiritu
1778 1930 1831 1991 Dei

127 2015 215 2072 ervit.
231 2015 280 2073 Sic
293 2014 373 2073 enim
388 2015 521 2072 mortalis
535 2015 689 2074 dicebatur
702 2017 876 2090 priusquam
890 2034 955 2090 pec·
1007 2022 1146 2089 aguntur,
1157 2017 1299 2075 charitats
1308 2021 1455 2090 eguntur:
1467 2017 1607 2090 quoniam
1622 2017 1699 2075 idem
1708 2019 1832 2093 Aposto-

128 2107 256 2175 curerat,
272 2103 348 2161 sicut
362 2120 470 2178 eorpus
483 2104 654 2161 infirmitate
668 2121 771 2162 carens
787 2105 955 2180 egrotubile
1007 2105 1133 2165 lussit:
1149 2105 1278 2163 eburius
1302 2107 1356 2162 Dei
1367 2104 1472 2178 diffsus
1484 2113 1524 2163 est
1537 2105 1708 2165 iuccrdidus
1727 2105 1831 2165 uocum

126 2192 249 2262 dicitur,
261 2209 318 2249 non
331 2197 483 2265 egrotum.
493 2194 575 2259 Quod
590 2193 615 2249 si
629 2194 783 2266 contigerit
797 2198 830 2250 ut
843 2195 955 2267 absque
1004 2209 1057 2266 per
1071 2193 1208 2266 Spirittcm
1221 2203 1351 2253 sunctum
1364 2194 1470 2265 (supro,
1485 2210 1514 2261 u,
1529 2194 1567 2267 3).
1581 2193 1664 2251 Unde
1679 2210 1746 2251 mox
1759 2194 1830 2251 sub-

127 2279 302 2339 infirmitate
316 2281 482 2351 occumbet,
497 2281 664 2355 egrotabile
685 2287 762 2339 recte
776 2282 834 2339 dici
848 2287 953 2355 potest,
1003 2282 1105 2355 J'uugit
1120 2299 1127 2338 :
1142 2299 1199 2338 ucu
1221 2283 1297 2339 euim
1314 2283 1456 2354 ccccps'stis
1469 2274 1600 2353 spiritum
1613 2283 1755 2363 urcitutis
1778 2284 1831 2341 itc-

125 2373 158 2427 et
172 2385 233 2427 nnn
257 2372 410 2443 egrotum.
425 2369 472 2427 Sic
498 2371 597 2443 itique
623 2371 796 2443 sancti,etsi
819 2371 954 2428 mortalia
1006 2387 1071 2427 rum
1099 2372 1129 2427 is
1155 2373 1283 2427 timorem
1306 2370 1390 2443 (276).
1414 2368 1499 2443 Nam,
1524 2372 1557 2427 ut
1584 2369 1712 2429 ioannes
1739 2369 1830 2428 dicit:

125 2459 954 2533 sperentmrpompmptermertisneosssitsteminspe
1006 2461 1134 2531 Perfecta
1161 2460 1281 2516 ctmtcs
1311 2458 1390 2529 [cros
1416 2459 1504 2515 mittit
1539 2459 1664 2517 umerus
1694 2458 1725 2532 (ι
1750 2459 1829 2517 locu.

125 2549 228 2605 tsmsn
242 2547 424 2605 immortalis
437 2547 558 2616 hubent,
571 2548 658 2620 quale
668 2547 773 2605 bsbuit
782 2549 876 2606 ddum
886 2553 954 2605 ante
1006 2564 1046 2620 ιι,
1063 2548 1117 2620 18).

126 2637 374 2711 promtumque
390 2652 474 2710 spem
496 2643 671 2710 acceperunt
687 2636 789 2706 aDeo,
805 2640 835 2692 et
848 2636 954 2693 tirmio-
1042 2636 1099 2692 Sed
1115 2635 1186 2707 quid
1200 2635 1336 2709 estquod
1359 2635 1402 2691 eit
1424 2637 1550 2692 iterum?
1572 2635 1602 2693 id
1626 2638 1683 2703 est,
1698 2635 1778 2693 siout
1799 2633 1831 2691 in

126 2724 204 2782 uma
217 2725 342 2783 credunt
356 2724 428 2797 quia
449 2724 643 2783 resurrecturi
658 2726 836 2798 quandoque
850 2726 887 2783 ad
901 2742 953 2782 sn·
1007 2729 1106 2781 monte
1121 2723 1201 2793 Sine,
1217 2740 1275 2797 quo
1286 2723 1365 2781 dicto
1378 2724 1509 2781 ostendit
1518 2740 1568 2781 eos
1582 2723 1675 2781 tuisse
1685 2723 1746 2805 sub¹
1755 2722 1830 2799 lege.

127 2813 262 2887 selorum
277 2813 452 2888 dignitatem
472 2814 653 2886 transibunt,
669 2815 706 2874 sd
725 2830 814 2887 quom
838 2814 954 2887 primus
1006 2813 1082 2871 Dicit
1105 2811 1214 2885 uliquis
1231 2829 1238 2868 :
1256 2812 1328 2869 alter
1351 2812 1407 2869 fuit
1429 2813 1550 2885 spiritus
1571 2812 1602 2869 in
1617 2811 1714 2869 Veteri
1728 2812 1832 2871 'l'ests-

127 2901 228 2971 homo,
245 2901 302 2959 nisi
317 2907 460 2974 pecesret,
472 2903 535 2959 sine
551 2907 644 2959 morte
653 2902 774 2959 ueniret.
784 2903 867 2960 Tunc
876 2904 952 2975 jam,
1007 2906 1107 2959 mento
1122 2902 1210 2959 dutus
1222 2899 1329 2973 populo
1342 2900 1405 2968 Dei,
1417 2904 1447 2957 et
1461 2900 1535 2959 alter
1548 2900 1579 2957 in
1593 2905 1672 2959 Novo
1689 2918 1696 2959 :
1713 2901 1792 2973 quod
1806 2901 1831 2959 si

129 3005 184 3047 nec
200 2995 326 3061 mortun,
341 3007 395 3047 nec
410 2989 546 3048 mortalia
559 3007 682 3062 corpora
696 2990 856 3059 bobebunt,
871 2990 953 3063 quis,
1006 2994 1094 3057 esest,
1110 3005 1297 3062 nequequam
1317 2988 1475 3061 spostolus
1499 2991 1600 3045 iterum
1615 2988 1733 3047 diceret.
1749 2990 1830 3045 idem

129 3094 186 3136 nec
197 3078 302 3136 mortis
312 3077 540 3135 necessitasillis
550 3078 648 3143 inerit,
659 3095 712 3135 nec
723 3095 808 3151 pesse
817 3095 952 3151 pecears3
1006 3093 1076 3151 ergo
1087 3083 1133 3135 est
1147 3077 1269 3149 spiritus
1291 3077 1438 3134 servitutis
1453 3080 1482 3134 et
1495 3076 1653 3147 libertatis;
1675 3077 1727 3135 sed
1742 3074 1829 3150 spiri·

128 3168 210 3241 qued
222 3173 294 3223 tunc
305 3166 439 3232 llet,cum
453 3164 607 3238 impletum
620 3166 708 3223 luerit
717 3165 790 3222 illud
801 3168 879 3239 quod
889 3155 988 3239 proG
1007 3170 1058 3223 tus
1069 3167 1185 3222 timoris
1199 3168 1229 3223 et
1242 3164 1392 3222 servitutis
1413 3165 1443 3221 in
1463 3164 1573 3225 tabulis
1587 3164 1726 3239 lapideis3
1741 3163 1829 3238 spiri-

119 3254 213 3329 phuta
223 3254 313 3311 dicit:
329 3254 464 3325 Absorptc
477 3260 517 3309 est
529 3268 604 3309 euers
622 3254 653 3309 iu
672 3255 790 3311 victurio
802 3253 874 3323 (Oce.
890 3270 952 3324 xm,
1006 3256 1057 3311 tus
1070 3253 1180 3311 emeris
1197 3258 1226 3309 et
1240 3252 1385 3310 libertatis
1398 3253 1430 3309 in
1443 3253 1552 3310 tabulis
1567 3253 1674 3311 cordis.

121 3343 185 3414 tt);
201 3342 233 3399 id
247 3346 302 3409 est,
313 3341 563 3397 cummcrtctetcc
572 3341 694 3397 induerit
704 3342 941 3400 immortulitntcm
1041 3342 1096 3399 Sed
1109 3343 1251 3416 scropulis
1264 3343 1394 3416 spiritum
1409 3341 1564 3414 udcptrouis
1574 3342 1714 3414 fitiorum·
1728 3342 1758 3400 id
1773 3346 1831 3414 est,

117 3438 143 3489 st
170 3428 353 3501 corruptibile
379 3429 611 3501 incorruptionem
631 3429 668 3502 (ll
681 3429 741 3487 Cor.
758 3447 805 3499 xv,
826 3431 874 3500 53,
893 3424 951 3509 Sil}
1005 3431 1148 3504 Spiritum
1164 3435 1312 3501 sanctum,
1329 3446 1381 3503 per
1401 3430 1487 3501 ouJus
1510 3431 1637 3503 gratiam
1661 3428 1829 3500 fideles,di-

118 3516 458 3593 lgitur‚quiamagnum
474 3533 584 3574 munus
599 3517 866 3575 hominicollstum
875 3519 952 3608 (stt)
1006 3519 1107 3576 missis
1133 3519 1162 3575 in
1191 3519 1370 3590 baptismate
1392 3518 1530 3591 peccetis,
1550 3517 1678 3592 adoptivi
1700 3518 1762 3601 lilii
1777 3516 1830 3578 Dei

119 3605 251 3665 ustsndit
270 3621 277 3660 ε
294 3604 404 3663 ideirco
420 3604 575 3663 subdidit:
590 3606 667 3677 (275)
681 3610 763 3679 Srpc,
777 3609 891 3679 frares,
905 3606 951 3665 de·
1004 3607 1218 3665 efficiunturdu
1232 3623 1285 3681 quc
1299 3605 1468 3663 clamemus:
1479 3606 1552 3664 loco
1563 3607 1679 3681 (Pater).
1691 3607 1829 3675 Qusdum

123 3695 225 3775 bitures
237 3709 342 3764 sumus,
354 3698 424 3766 etc„
439 3693 511 3766 quis
533 3692 666 3752 sbsoluts
691 3695 733 3750 ait
754 3695 899 3763 debitores,
915 3712 951 3753 ne
1003 3695 1184 3769 exemplaris
1203 3695 1371 3753 ctcmuutcm
1394 3695 1514 3769 hebent,
1529 3697 1608 3768 qued
1631 3700 1686 3765 est,
1702 3695 1830 3755 clumure

123 3783 192 3857 quis
205 3786 323 3855 puteret
337 3782 428 3852 cerni,
445 3781 559 3849 addidit
578 3799 635 3840 ucu
649 3785 740 3852 comi,
757 3793 788 3840 ut
801 3783 952 3841 secuudum
1004 3784 1172 3841 lecisntem.
1183 3784 1330 3857 Expositis
1344 3786 1464 3856 estsrgo
1475 3774 1551 3856 quod
1563 3784 1594 3841 in
1607 3784 1716 3843 uostris
1731 3799 1829 3842 exem·

122 3886 239 3929 curnem
264 3872 400 3927 uiuumus.
423 3871 509 3927 (turm
537 3871 684 3928 debitores
712 3877 782 3928 sunt
806 3872 858 3944 qui
886 3873 951 3943 ejus
1004 3870 1137 3945 pleribus
1151 3871 1544 3928 invenitur.Glsmoreutem
1558 3871 1624 3946 iste,
1636 3872 1764 3929 nonoris
1778 3875 1830 3929 eut

121 3959 377 4033 concupiscentias
410 3963 597 4033 sequuntur3
628 3960 708 4031 qued
740 3964 884 4033 quantum
913 3960 952 4017 sit
1005 3959 1134 4017 leucium
1155 3963 1210 4029 cst,
1226 3959 1277 4015 sed
1299 3958 1406 4015 cordis.
1420 3958 1496 4015 scca
1519 3958 1625 4033 Syrum
1650 3962 1748 4017 estet
1773 3962 1828 4016 Hs·

119 4045 236 4105 malum
257 4048 322 4121 ipse
337 4047 477 4117 ostendit,
494 4047 678 4121 subjungens
692 4063 699 4102 :
715 4048 747 4103 Si
759 4049 836 4104 cuim
857 4063 952 4105 secuu-
1005 4047 1133 4116 breum;
1142 4050 1232 4118 puter,
1243 4049 1374 4102 Graecum
1385 4045 1571 4102 stistinum.
1583 4045 1829 4121 Clemamusergo

119 4135 313 4194 dsmwruem
340 4136 476 4205 viceritis,
491 4138 667 4199 esurierint:
682 4137 709 4192 id
725 4140 781 4204 eet,
794 4136 820 4193 si
842 4152 950 4194 escun·
1004 4136 1035 4192 in
1065 4134 1170 4207 spiritu
1185 4151 1192 4191 :
1207 4134 1296 4203 dbbo,
1316 4135 1412 4203 Pater,
1436 4148 1504 4189 cum
1533 4137 1649 4191 orentes
1678 4131 1828 4191 dicimus:

120 4224 195 4281 dnm
222 4241 275 4282 soe
302 4225 384 4298 ipsos
411 4223 552 4282 vixeritis.
567 4225 686 4281 Primus
711 4223 790 4282 enim
815 4224 949 4299 angelus,
1003 4229 1089 4281 Peter
1102 4225 1205 4295 uester,
1220 4225 1275 4279 etc.
1287 4222 1343 4278 Sed
1360 4237 1451 4294 quare
1467 4224 1628 4297 utrumque
1640 4220 1829 4294 posuit,eum

120 4313 193 4387 unis
221 4314 387 4371 secundum
409 4329 441 4370 se
465 4312 546 4381 vixit,
561 4313 627 4369 ideo
653 4313 772 4370 corruit.
797 4312 880 4378 Quod
903 4314 951 4370 di·
1005 4329 1100 4370 unum
1116 4311 1193 4368 sintt
1209 4311 1337 4378 Scilicet,
1349 4310 1419 4385 quis
1433 4310 1565 4383 previdit
1579 4309 1688 4369 multos
1702 4327 1737 4368 ex
1749 4314 1829 4368 utro·

119 4399 162 4459 cit
176 4403 351 4471 mcrisruiui,
367 4418 425 4458 non
446 4401 482 4459 de
506 4406 601 4458 morte
620 4402 762 4474 corporis,
776 4402 827 4459 sed
850 4402 950 4475 potius
1004 4417 1062 4473 qus
1077 4399 1186 4473 populo
1201 4401 1339 4457 adunam
1355 4398 1465 4456 Christi
1479 4399 1567 4456 iidem
1579 4405 1727 4457 venturos.
1742 4396 1830 4473 Prop-

118 4490 244 4561 anime,
272 4489 318 4548 vel
351 4496 465 4548 eterne
498 4489 697 4547 dnmnstiouis
729 4494 775 4547 est
804 4491 949 4563 accipian·
962 4511 988 4577 D
1005 4493 1050 4547 ter
1064 4488 1192 4562 lepidum
1206 4504 1275 4562 ergo
1299 4488 1471 4563 ungularem
1494 4493 1654 4561 utrumque
1674 4486 1781 4561 posuit,
1797 4492 1831 4544 ut

122 4578 209 4637 dnm.
1005 4593 1127 4653 queque
1142 4575 1500 4650 genebabsretquomodo
1514 4576 1545 4632 in
1556 4593 1611 4633 sun
1624 4574 1727 4649 lingue
1733 4570 1829 4633 Deum

154 4671 275 4725 Poterat
288 4669 326 4725 ad
340 4667 402 4724 bec
416 4668 525 4742 aliquis
546 4668 642 4727 dicere
657 4686 665 4725 :
681 4667 708 4724 si
726 4685 784 4725 non
799 4668 893 4737 cerni,
905 4669 953 4725 cni
1006 4665 1193 4741 glorificaret.

120 4771 191 4829 ergo
206 4755 248 4813 rei
265 4756 413 4812 debitores
428 4755 555 4813 sumus?
568 4757 612 4813 Ad
627 4755 783 4828 becqunsi
798 4757 953 4830 respondet
1041 4755 1100 4827 lpse
1113 4756 1187 4810 euim
1201 4753 1321 4825 Spiritus
1344 4752 1529 4809 testimouium
1542 4752 1631 4809 reddit
1653 4753 1767 4825 spiritui
1782 4769 1830 4811 uo·

120 4843 282 4917 Apostolus
298 4859 306 4898 :
321 4845 454 4915 Spiritui,
467 4843 608 4917 quoniam
620 4860 678 4901 non
693 4841 736 4898 illi
750 4844 792 4900 rei
806 4844 953 4900 debitores
1005 4852 1064 4899 stro
1078 4843 1263 4915 quesissemus
1277 4839 1332 4911 filii
1345 4842 1403 4897 ltsi.
1415 4841 1498 4910 Nota,
1510 4841 1648 4914 quianon
1663 4842 1829 4899 sitientum

122 4947 241 4999 snmus,
257 4933 421 4988 secuudum
437 4948 526 5005 quem
551 4933 705 5001 morimur,
721 4931 772 4988 ssd
789 4933 952 4989 secundum
1006 4931 1194 5003 Spiritus,sed
1207 4929 1348 5001 premisit
1357 4931 1426 5002 ipse,
1436 4930 1467 4986 id
1478 4935 1533 5003 est,
1541 4930 1572 4986 in
1583 4947 1642 5003 quo
1651 4930 1829 4989 clamamus:

123 5034 216 5093 quam
234 5019 371 5078 vivimus.
387 5019 447 5077 Hoc
474 5019 554 5076 enim
577 5019 641 5077 uult
665 5019 744 5092 quod
774 5021 951 5094 subjungit:
1007 5021 1090 5087 ibbo,
1104 5020 1196 5075 Pater.
1207 5016 1335 5091 Spiritus
1358 5018 1468 5093 quippe
1483 5023 1604 5077 sanctus
1619 5020 1704 5077 srrbe
1729 5022 1831 5074 nostru

123 5106 155 5165 Si
164 5113 264 5167 cuum
276 5111 380 5182 spiritu
392 5111 469 5181 [octo
482 5110 578 5165 curris
592 5108 835 5178 mortificaveritis,
847 5111 952 5166 cinctu.
1007 5108 1140 5180 est,quin
1159 5106 1267 5180 pignus
1281 5107 1365 5164 nobis
1381 5124 1441 5163 suae
1464 5109 1563 5180 gretie
1578 5105 1702 5164 contulit
1724 5120 1777 5177 pro
1799 5118 1831 5160 re

123 5196 213 5255 Funis
227 5198 336 5267 carnis,
352 5198 423 5255 dicit
442 5212 532 5269 opera
554 5197 662 5266 carnis,
673 5198 709 5254 ds
724 5198 835 5270 quibus
859 5197 929 5253 alibi
944 5213 952 5253 t
1008 5213 1098 5270 quam
1113 5211 1218 5252 sumus
1232 5195 1390 5268 accepturi.
1402 5197 1469 5255 ldeo
1481 5197 1552 5253 dicit
1563 5197 1642 5268 :lpse
1650 5195 1770 5266 Spiritus
1779 5200 1831 5251 tes·

126 5286 288 5359 {eruduit
299 5287 423 5343 membro
436 5288 527 5344 uestro
546 5299 609 5358 puae
622 5294 687 5342 suut
699 5302 783 5359 super
795 5291 910 5359 terrum,
925 5285 955 5342 id
1008 5287 1154 5343 timcuium
1163 5284 1255 5341 reddit
1264 5286 1377 5357 spirited
1389 5294 1482 5343 uestro
1486 5303 1498 5349 ,·
1513 5285 1542 5340 ιιι
1555 5299 1590 5340 eo
1605 5283 1684 5338 eninr
1698 5280 1830 5340 testium·

171 5408 241 5482 273)
255 5413 364 5483 dutcg.
379 5409 550 5466 collocutum.
1009 5411 1090 5467 Pent.

210 5480 241 5551 i)
256 5480 365 5538 lterum
380 5481 411 5536 in
426 5483 532 5555 Autog.
546 5481 719 5539 collocutum.
1044 5481 1120 5553 (276)
1134 5479 1221 5556 Vulg.
1236 5483 1344 5540 timore.
1360 5480 1417 5539 Alii
1439 5494 1507 5537 vero
1526 5478 1619 5535 textui
1637 5480 1739 5536 nostre
1761 5495 1831 5538 con-

165 5551 243 5625 (275)
256 5550 310 5608 Hic
324 5551 356 5608 in
376 5555 484 5625 Autog.
500 5568 595 5626 marg.
612 5551 720 5625 legitur
743 5555 825 5611 ltom.
841 5553 874 5609 x.
890 5556 957 5628 post
1010 5552 1154 5612 sentiunt.

189 5742 194 5755 ,
274 5680 407 5744 Person.
429 5678 587 5767 cxxxiv,
1656 5678 1679 5764 'l-
