3908 6096
123 294 186 361 2⁰5
426 294 637 360 expositio
658 295 697 358 ΙΝ
719 295 937 359 EPIS'POLAS
959 297 1141 359 PAULL-
1154 297 1195 360 ln
1216 297 1340 360 uersu.
1362 299 1413 359 eb
1436 299 1531 362 flou.
1579 363 1588 378 ,
1768 301 1827 365 2oe

123 429 170 483 eet
184 422 439 497 polubritudinem
459 426 608 501 imaginis.
637 427 795 501 Sequitur:
828 427 949 484 tantm
963 427 991 495 Α
1003 426 1119 500 (dolosa.
1136 446 1157 495 1,
1171 429 1238 501 23);
1253 429 1283 486 id
1297 433 1342 487 est
1356 429 1386 487 in
1401 429 1592 504 homine,qui
1606 431 1704 491 omnis
1717 437 1831 491 creatu·

118 515 201 571 enim
213 518 347 573 ereatura
360 518 481 581 subiecto
508 524 547 574 art
572 534 629 575 non
651 517 754 589 uolens,
768 516 815 575 aad
841 520 953 589 propter
1005 534 1038 574 ra
1052 517 1170 586 dieitur,
1186 536 1243 575 non
1259 521 1337 593 quod
1353 534 1471 578 omnem
1487 524 1650 579 ereaturam
1666 521 1697 578 in
1712 536 1743 579 se
1756 538 1829 580 oon-

120 619 189 660 sum
202 605 253 678 qut
265 605 386 679 satiant
398 608 429 663 io
441 622 488 679 spo
502 606 588 676 (287).
603 606 669 664 ileo
681 607 830 665 sententia
843 607 921 663 varie
935 624 952 663 a
1004 606 1161 675 tinsat,sed
1177 608 1248 680 quia
1262 610 1369 681 partim
1385 613 1430 666 est
1443 608 1613 682 eorporelis,
1641 611 1750 684 partlm
1764 610 1828 669 ani-

122 691 293 751 dontoribue
307 695 440 768 exposita
454 699 516 752 est:
533 696 612 752 unde
637 695 760 754 solerter
774 695 952 769 investigen·
1006 694 1104 761 malis,
1121 695 1229 768 partim
1245 696 1406 769 spiritalis:
1421 696 1581 771 eorporalis
1596 697 1704 771 quippe
1725 715 1777 772 per
1788 698 1829 756 lo·

123 780 197 837 dum
213 787 268 851 est,
289 800 354 856 quar
368 783 408 840 sit
429 782 491 839 heo
513 783 648 853 vanitas3
664 789 716 841 sut
740 801 804 857 que
819 789 953 842 ereatura
1005 783 1195 852 ostenditur,
1211 784 1349 842 animalis
1371 785 1552 860 eorporaiem
1574 786 1721 856 viviticat,
1741 787 1828 860 spiri-

122 870 248 927 vanitati
263 871 403 943 subjecta.
420 871 457 929 Ut
471 873 592 946 quidam
606 871 717 944 volunt,
729 890 782 946 per
795 875 951 930 venitatem
1005 871 1073 928 talis
1088 873 1245 930 animalem
1261 873 1345 947 regit,
1360 879 1388 931 et
1402 880 1473 932 tuno
1488 875 1573 944 bene,
1588 891 1655 932 uum
1671 875 1827 934 seDeore-

122 957 215 1017 bomo
231 957 424 1033 intelligitur,
441 962 521 1019 unde
536 960 674 1019 Salomon
690 980 697 1019 :
716 964 827 1020 Venitur
840 965 952 1020 venito·
1005 962 1135 1035 gendum
1151 962 1280 1034 subjicit.
1306 967 1399 1020 Homo
1423 964 1514 1038 igitur
1527 964 1633 1038 spiritu
1647 964 1748 1034 sentit,
1763 965 1828 1021 ani-

117 1050 194 1120 tum,
209 1046 477 1108 resarcionem
490 1067 498 1108 τ
513 1052 608 1117 omnio
623 1052 733 1109 υαηίἐαε
748 1052 859 1121 (Ptelea.
875 1069 898 1121 1,
912 1052 951 1126 2).
1005 1067 1056 1107 nra
1069 1049 1243 1119 vivificatur,
1260 1049 1394 1110 localiter
1414 1068 1534 1126 eorpors
1560 1058 1702 1111 mouetur.
1722 1054 1829 1111 Beatm

123 1136 221 1195 item:
238 1137 371 1196 Ubinam
384 1139 436 1195 sud
450 1140 520 1208 eota,
544 1141 652 1198 vonitoa
675 1140 769 1211 (idid,
795 1141 851 1213 lt.)
879 1140 953 1198 ltem
1005 1155 1073 1196 vero
1086 1140 1243 1214 Gregorius
1257 1140 1329 1198 dicit
1342 1141 1422 1214 quod
1436 1141 1501 1198 ideo
1516 1141 1605 1199 bomo
1627 1143 1726 1200 omnia
1749 1158 1829 1200 orea-

122 1224 301 1284 Psalmista:
314 1228 446 1286 Universa
455 1230 666 1302 ausimnonmia
675 1228 754 1286 bomo
763 1231 856 1288 uineas
867 1229 951 1304 (Prot.
1004 1232 1073 1286 tura
1086 1228 1203 1297 dieitur,
1219 1229 1290 1303 quie
1303 1229 1392 1287 habet
1417 1229 1529 1303 aliquid
1553 1229 1651 1288 omnis
1670 1235 1829 1302 ursatum

124 1332 246 1384 muris,
260 1315 309 1389 d);
325 1315 351 1373 ei
365 1332 434 1392 ergo
450 1317 589 1376 universa
602 1318 717 1376 vanitas
740 1319 837 1376 omnis
851 1318 951 1387 borno,
1006 1317 1095 1375 habet
1108 1317 1188 1374 enim
1202 1319 1362 1375 essentiam
1388 1335 1457 1375 eom
1479 1317 1638 1392 lapidibus,
1652 1320 1748 1378 vivere
1762 1336 1830 1378 eum

123 1409 156 1464 et
170 1404 307 1462 universa
320 1405 376 1462 sub
391 1405 454 1463 sole
480 1407 605 1476 vanitas,
628 1407 822 1466 nibilominus
839 1407 953 1465 vanitas
1007 1406 1173 1476 arboribus,
1188 1411 1218 1464 et
1231 1407 1342 1480 herbis,
1357 1407 1467 1465 sentire
1493 1423 1561 1464 oum
1584 1406 1680 1467 brutis
1694 1409 1833 1467 animali·

123 1494 291 1553 vanitatum
306 1498 353 1553 est
366 1495 464 1554 bomo.
482 1496 516 1554 itt
540 1513 640 1554 revera
660 1496 733 1554 nibil
755 1497 823 1571 plus
834 1496 954 1555 bomine
1007 1495 1074 1566 bus,
1090 1495 1256 1554 discernere
1270 1512 1338 1554 num
1355 1496 1485 1571 Angelis.
1501 1496 1568 1554 lieo
1586 1496 1679 1572 igitur
1699 1502 1834 1556 ereatura

125 1583 282 1656 sanum,ln
292 1582 459 1658 receptione
472 1585 651 1656 eiborum,in
659 1583 833 1660 digestionis
842 1586 953 1655 intere,
1005 1584 1129 1642 vanitati
1144 1586 1278 1658 sublecta
1291 1591 1346 1658 est,
1356 1586 1386 1643 id
1399 1590 1445 1643 est
1458 1586 1556 1656 morti,
1566 1588 1597 1643 et
1609 1585 1777 1643 infirmitati
1787 1587 1832 1644 rel

125 1670 158 1730 in
167 1672 276 1730 rubore
286 1677 315 1730 et
324 1672 463 1731 sordibus
472 1675 658 1748 procreanda
669 1673 823 1748 sobolis,et
833 1673 955 1748 reliquis
1007 1672 1096 1731 alieni
1110 1674 1249 1745 miserie,
1263 1676 1311 1732 cui
1326 1674 1414 1733 homo
1428 1680 1547 1750 propter
1560 1680 1712 1748 peceatum
1727 1675 1833 1733 subdi-

125 1759 313 1835 bnjusmodi.
328 1761 499 1819 creaturam
510 1779 578 1820 vero
588 1762 795 1821 intellexerunt
805 1761 955 1830 solemdn-
968 1797 993 1864 B
1007 1767 1057 1820 tus
1070 1767 1136 1832 est3
1152 1764 1230 1820 unde
1244 1763 1367 1837 pulohrs
1383 1763 1548 1837 subjungit,
1557 1779 1613 1820 aron
1627 1763 1730 1822 eoum.
1739 1763 1832 1822 Homo

126 1867 198 1910 nam
212 1853 242 1908 et
255 1856 368 1920 cetera,
384 1868 448 1924 que
461 1851 490 1908 in
506 1868 539 1910 eo
553 1850 675 1910 vanitati
698 1853 832 1925 subjecta
850 1853 952 1909 dicun·
1007 1851 1127 1919 etenim,
1143 1852 1214 1924 quia
1227 1856 1333 1924 sponte
1356 1851 1496 1926 peooavit,
1511 1864 1570 1908 non
1592 1855 1698 1925 sponte
1711 1851 1832 1910 vanitati

124 1945 177 1998 tur
189 1937 331 2013 quoniam
346 1945 465 2014 proptor
479 1940 616 1999 homines
635 1942 712 1999 laeta
736 1945 816 2000 sunl.
833 1942 955 2016 Propter
1007 1941 1145 1999 subditus
1158 1944 1213 1997 est.
1229 1940 1281 1998 Vel
1293 1939 1560 2008 ideonotsrudiuit,
1580 1939 1651 2014 quia
1667 1939 1763 1997 sanoti
1776 1940 1832 1997 riri

127 2027 267 2087 bomines
279 2029 388 2102 quippe
403 2027 446 2086 sol
471 2028 566 2087 oritur
589 2033 618 2087 et
632 2029 749 2099 oecidit,
769 2029 905 2087 similiter
926 2033 955 2086 et
1008 2030 1133 2103 eupiunt
1146 2028 1266 2086 dissolvi
1280 2032 1310 2086 et
1324 2044 1389 2087 eoae
1402 2044 1469 2085 enm
1477 2027 1594 2086 Christo
1601 2028 1739 2102 (Philipp.
1747 2045 1768 2097 1,
1776 2027 1832 2100 23),

127 2122 233 2176 cetera
243 2118 399 2175 astruitur
408 2132 476 2192 ergo
487 2117 683 2192 sequiturnoo
692 2120 795 2185 aalma,
811 2136 878 2176 oum
893 2118 955 2176 beo
1008 2119 1061 2177 sed
1076 2117 1167 2175 eoauti
1181 2122 1211 2175 et
1224 2116 1359 2176 nolentes
1372 2117 1420 2175 bis
1435 2116 1566 2176 miseriis
1572 2116 1682 2176 subditi
1692 2118 1835 2175 suntsed

127 2205 560 2265 omniaiaanimatasintiliisi
569 2208 642 2264 sorte
653 2209 815 2265 seeundum
826 2208 955 2282 pbiloso·
1007 2213 1121 2284 propter
1133 2224 1197 2266 eum
1210 2210 1260 2282 eui
1272 2208 1387 2281 audiant
1399 2210 1431 2265 iu
1442 2223 1499 2281 spa.
1516 2208 1636 2280 Propter
1660 2223 1728 2264 enm
1749 2205 1833 2278 dieit,

127 2296 256 2370 pbornm
267 2295 436 2369 opinionem
446 2295 690 2369 accipiamus,qei
701 2296 761 2353 beo
771 2297 871 2355 omnia
892 2297 955 2354 ani·
1008 2299 1109 2367 idest,
1125 2301 1245 2372 propter
1255 2296 1404 2370 justitiam
1419 2302 1448 2354 et
1461 2296 1649 2354 elementiam
1663 2295 1745 2353 illius
1771 2297 1834 2369 qui,

128 2389 211 2443 mate
224 2388 375 2452 asserunt,
389 2387 419 2441 et
431 2384 539 2442 ideireo
553 2384 664 2442 dietum
677 2384 956 2459 intelligamus,pro·
1010 2403 1063 2444 neo
1078 2389 1230 2460 peoeatum
1244 2385 1426 2458 impunitum
1441 2384 1571 2458 reliquit,
1596 2401 1650 2442 neo
1668 2383 1837 2442 insanabile

126 2480 194 2548 pter
207 2489 272 2533 suern
285 2473 335 2546 orsi
348 2473 462 2546 subiecit
475 2475 507 2531 iu
520 2489 579 2547 spe,
591 2475 669 2547 quod
684 2490 766 2548 spem
781 2475 910 2533 babeant
923 2480 957 2532 ut
1009 2477 1071 2532 iore
1083 2475 1229 2549 permisit.
1245 2473 1297 2532 Vel
1313 2478 1432 2548 proptor
1446 2490 1515 2532 eum
1529 2474 1581 2547 qni
1595 2474 1722 2548 subjeeit
1735 2473 1767 2531 in
1783 2490 1835 2548 spe

129 2563 168 2623 als
184 2562 241 2620 bae
253 2561 394 2627 seruitute
414 2561 584 2620 liberentur.
614 2563 670 2620 Sed
684 2563 739 2620 iste
755 2579 871 2633 sensus,
887 2563 957 2637 quia
1010 2564 1092 2632 dixit,
1108 2564 1179 2638 quia
1193 2563 1222 2620 in
1238 2578 1290 2636 sps
1305 2564 1415 2620 habent
1429 2562 1511 2620 eleeti
1527 2566 1593 2621 uta
1615 2563 1756 2621 servitute
1770 2577 1835 2621 eor·
1937 2566 1941 2571 '

128 2651 222 2709 errori
232 2650 345 2709 rioinus
352 2653 407 2721 eet,
420 2651 553 2708 funditus
563 2652 824 2725 estrepudiandus.
832 2652 889 2709 Alii
904 2669 955 2710 au·
1010 2652 1158 2726 ruptionis
1173 2651 1343 2709 liberentur.

129 2743 238 2811 tom,ut
249 2738 389 2813 Origenes
399 2739 484 2813 (288),
498 2743 627 2799 oraora
642 2740 715 2813 (289)
732 2741 858 2815 Angelos
879 2740 955 2799 aoei-
1048 2743 1139 2817 Igitur
1154 2742 1223 2815 quia
1237 2757 1321 2814 spem
1336 2741 1458 2809 dixerat,
1474 2744 1509 2797 nt
1522 2757 1587 2814 qua
1602 2744 1682 2798 esset
1703 2740 1836 2799 ostende

125 2829 229 2905 piant,
243 2844 319 2902 quoe
332 2827 416 2886 bellis
430 2827 557 2902 legimus
570 2829 733 2902 prefuisse.
747 2831 783 2887 lit
796 2846 897 2889 revera
915 2831 958 2887 ni·
1010 2836 1066 2898 ret,
1081 2830 1253 2903 subiunxit:
1270 2831 1340 2898 Quin
1354 2832 1380 2886 at
1393 2831 1455 2901 ipro
1478 2839 1612 2888 ereatura
1639 2830 1836 2888 liberabitura

129 2916 467 2991 bilvaniusbello(290),
481 2917 581 2991 inquo
595 2918 683 2975 bomo
704 2920 740 2976 ad
764 2918 820 2977 hoo
843 2918 958 2979 laborat
1010 2922 1142 2979 servam
1154 2920 1348 2991 corruptionis.
1364 2917 1419 2976 Ubl
1443 2918 1606 2975 notandum
1630 2918 1700 2990 qaia
1719 2917 1836 2975 nonsit

129 3011 166 3065 ut
175 3022 235 3065 non
244 3006 293 3064 sit
302 3006 332 3063 si
342 3005 445 3064 outoni
452 3007 556 3080 angeli
566 3005 650 3066 bellis
659 3008 811 3081 prefuisse
819 3008 958 3082 leguntur
1010 3013 1127 3067 tentum
1142 3008 1218 3081 ipsa,
1227 3007 1279 3064 sed
1294 3010 1321 3064 a
1334 3007 1407 3079 ipso,
1422 3011 1542 3079 propter
1554 3022 1606 3063 eos
1620 3006 1671 3079 qni
1695 3005 1836 3063 oreditnri

129 3095 318 3172 utOrigenes
332 3094 436 3152 multis
446 3095 658 3168 Prophetarum
672 3100 702 3152 et
715 3097 956 3155 meximeDenie-
1011 3101 1105 3166 erant,
1120 3101 1149 3154 et
1161 3095 1317 3154 liberandi.
1333 3097 1395 3168 ipso
1407 3097 1536 3152 erasmo
1548 3094 1630 3164 dioit,
1645 3093 1676 3150 id
1699 3098 1745 3151 est
1768 3094 1834 3167 ipse

130 3183 171 3241 lie
181 3183 360 3242 testimoniis
366 3183 639 3255 nititorapprobsre
648 3183 833 3252 ;bominlbus
843 3186 958 3257 subjee·
971 3165 993 3233 0
1012 3186 1111 3243 bomo.
1127 3186 1193 3258 lpsa
1204 3188 1347 3256 ereatura,
1359 3182 1429 3256 quia
1439 3183 1565 3240 neudum
1579 3187 1626 3240 est
1634 3183 1762 3255 perieras
1775 3182 1835 3240 lor-

129 3273 154 3330 u
170 3277 260 3340 euut;
273 3272 387 3330 undeet
396 3271 484 3327 subdi
495 3286 555 3327 non
564 3272 639 3343 (291)
649 3271 752 3329 volunt
764 3289 770 3328 :
783 3273 843 3329 Non
867 3274 960 3331 uolans
1012 3290 1062 3330 ma
1076 3273 1203 3330 liliorum
1221 3271 1333 3340 Pei,sed
1349 3275 1472 3330 venatur
1484 3275 1600 3328 tantum
1616 3271 1836 3328 ereatura.Nam

129 3359 182 3419 sed
195 3367 309 3433 propter
321 3375 388 3416 eura
400 3360 449 3432 psi
462 3358 580 3431 subjecit
593 3361 625 3415 io
636 3376 701 3433 sps,
722 3361 861 3433 quoniam
876 3377 959 3419 eoae-
1013 3379 1081 3420 oum
1096 3362 1148 3434 ait,
1165 3366 1191 3418 at
1203 3363 1274 3434 ipro,
1290 3360 1444 3418 subaudiri
1465 3359 1569 3432 uoluit,
1586 3360 1837 3434 quemadmodum

128 3450 202 3521 tj,a
231 3448 277 3505 sui
306 3447 452 3505 Creatoris
478 3447 725 3520 contemplatione
744 3449 910 3517 disoedunt,
928 3455 961 3507 ut
1014 3469 1079 3521 nos,
1094 3454 1129 3507 ut
1142 3451 1182 3507 sit
1196 3466 1323 3507 sensus:
1351 3466 1405 3507 neo
1430 3450 1467 3506 de
1490 3448 1538 3505 bis
1552 3449 1769 3522 desperandum
1785 3448 1837 3522 qui

133 3535 539 3607 bominibuslamnlanturet
557 3536 789 3610 epembabeant,
801 3543 833 3595 ut
855 3539 892 3595 ab
908 3538 960 3597 ho·
1013 3541 1140 3598 neudum
1156 3539 1352 3611 erediderunt,
1380 3539 1507 3596 necdum
1536 3537 1589 3594 lilii
1616 3537 1668 3595 Dei
1684 3542 1837 3608 rorantur,

135 3625 252 3685 mum
262 3625 401 3683 servitute
411 3624 776 3700 liberenturdiostatergo,
787 3628 960 3686 utbomines
1013 3629 1153 3703 quonlam
1169 3631 1198 3685 et
1212 3627 1269 3700 ipsi
1282 3627 1414 3694 eradent,
1429 3630 1459 3685 et
1470 3627 1507 3683 ab
1521 3626 1577 3684 hae
1600 3625 1740 3685 servitute
1764 3626 1840 3685 libe·

133 3714 279 3775 beatimes
293 3713 413 3788 Angelis
427 3713 647 3790 intelligamus;
663 3717 825 3788 presertim
835 3733 897 3784 eos,
907 3718 959 3790 qui
1014 3719 1169 3784 rabuntur,
1186 3717 1264 3773 sieut
1277 3733 1342 3783 nos,
1351 3715 1402 3787 qui
1412 3716 1476 3789 J'am
1486 3714 1540 3771 fllii
1551 3715 1602 3772 Del
1617 3730 1839 3788 eumue,quam-

130 3804 196 3876 jam
211 3803 411 3876 requiescunt,
426 3807 461 3859 ut
474 3803 600 3860 Lazarum
614 3803 721 3861 iusinu
732 3805 903 3877 abrahami
911 3805 962 3863 ille
1013 3807 1058 3864 ris
1072 3806 1203 3862 nondum
1220 3804 1389 3877 apparuerit
1403 3804 1475 3877 quid
1490 3803 1612 3860 erimus.

134 3891 410 3964 venerabilislatro,
426 3891 488 3965 qui,
518 3908 552 3949 eo
581 3893 639 3962 die,
655 3909 713 3967 quo
737 3894 872 3964 eredidit,
891 3911 960 3951 oum
1050 3897 1112 3961 Quo
1127 3896 1224 3950 antem
1240 3892 1356 3949 liberati
1370 3892 1787 3964 transibuntilrrlibmotess,
1796 3891 1840 3948 in·

135 3983 195 4038 liae
207 3979 387 4038 substitutus
401 3984 447 4038 est
460 3980 491 4036 in
519 3980 669 4039 Paradiso.
685 3981 754 4050 Sed,
769 3986 799 4039 et
820 3981 869 4038 hio
884 3982 961 4039 rem·
1015 3982 1092 4054 quit,
1102 3981 1202 4051 obriae
1216 3979 1340 4049 fitiorum
1353 3980 1414 4035 Dei.
1430 3979 1466 4034 lit
1479 3983 1526 4035 est
1539 3992 1662 4035 sensus:
1676 3977 1734 4050 ipsi
1748 3977 1838 4035 etiem

135 4071 239 4127 tantm
252 4073 299 4128 eet
310 4084 429 4127 sensus.
441 4069 539 4143 Longe
553 4084 623 4142 ergo
637 4067 725 4126 aliter
739 4069 802 4126 beo
815 4071 963 4128 sententia
1015 4085 1050 4126 ex
1064 4068 1156 4125 serris
1184 4066 1279 4137 liberi,
1295 4082 1331 4122 ex
1349 4063 1474 4123 mortuis
1489 4068 1575 4122 erunt
1601 4064 1722 4139 gloriosi
1736 4065 1767 4122 in
1780 4065 1840 4123 rita

133 4157 327 4233 intelligenda
353 4162 409 4216 est.
438 4156 650 4231 Unusquisque
688 4158 768 4216 enim
796 4158 960 4231 doetorum,
1015 4161 1134 4226 aterna,
1151 4171 1241 4231 qnam
1256 4155 1409 4213 habebunt
1421 4153 1474 4211 lilii
1487 4153 1548 4211 Dei.

134 4247 217 4322 qnod
227 4247 342 4315 babuit,
352 4247 407 4304 boo
416 4244 448 4304 ia
458 4246 582 4304 donaria
590 4246 642 4304 Dei
653 4247 798 4305 eontulit:
811 4248 895 4307 ellus
909 4266 961 4306 au·
1049 4247 1159 4304 Seimsu
1172 4244 1332 4318 enimouod
1353 4245 1443 4302 omui
1464 4253 1603 4312 omero,
1626 4247 1680 4301 eto.
1696 4243 1838 4318 Superius

135 4351 216 4406 rum,
231 4334 308 4395 alius
322 4339 488 4410 argentum,
503 4334 580 4392 alius
594 4335 715 4408 ferrum,
726 4339 780 4392 ete.
791 4336 855 4394 Non
865 4336 961 4394 solum
1016 4336 1058 4394 ait
1070 4337 1178 4395 aertioro
1186 4357 1197 4404 ;
1212 4351 1291 4391 nuno
1305 4339 1403 4392 autem
1417 4334 1529 4391 snmus.
1545 4332 1628 4390 Siout
1648 4348 1718 4407 ergo
1741 4333 1797 4391 boe
1809 4338 1841 4392 et

135 4423 695 4493 autemboo,aedetiaminomnisaora
716 4423 874 4497 Scriptura
887 4425 961 4495 looe,
1016 4424 1090 4482 illud
1109 4424 1312 4483 oonllrmative
1335 4424 1448 4482 dietum
1469 4422 1594 4495 intelligi
1619 4421 1716 4479 debet.
1736 4421 1841 4482 Omnis

135 4511 188 4571 ille
203 4528 311 4572 sensus
323 4517 369 4571 eet
381 4513 586 4585 requirendus,
599 4511 650 4585 qui
665 4511 814 4570 catholiea
828 4513 962 4571 fldeluon
978 4529 1001 4595 1)
1017 4517 1115 4572 autem
1141 4517 1284 4583 ereatura,
1297 4517 1331 4570 ut
1343 4513 1455 4570 dietum
1471 4510 1564 4583 est,in
1574 4510 1693 4567 bomine
1707 4525 1843 4569 numera·

137 4600 228 4674 obsit,
243 4604 273 4658 et
287 4600 432 4660 unitatem
447 4599 581 4658 ldoelesiar
596 4617 655 4658 non
670 4601 796 4658 eoindat.
813 4604 964 4676 Quaprop·
1019 4608 1077 4660 tur.
1092 4603 1262 4674 lapemires't,
1291 4604 1319 4658 et
1338 4601 1462 4673 porterit
1479 4613 1565 4671 usque
1578 4597 1692 4661 mter:
1707 4600 1842 4672 quadam
1883 4613 1891 4620 ·

136 4693 184 4748 tar
197 4690 353 4748 seieodnm
369 4689 440 4764 quia
463 4690 567 4747 boatus
581 4690 766 4764 Augustinus
781 4691 855 4749 hano
870 4708 967 4765 quee-
1020 4690 1198 4766 exemplaria
1212 4689 1322 4746 babent
1335 4688 1532 4758 ingemiscis&
1544 4686 1625 4744 dolet.
1635 4686 1683 4745 δίο
1696 4703 1766 4762 ergo
1780 4688 1843 4746 dio·

138 4779 252 4838 tionem
267 4779 497 4852 profundissime
508 4779 695 4854 investigavit
703 4784 735 4838 et
753 4781 899 4838 enodavit.
915 4781 967 4839 Di·
1020 4785 1084 4839 tum
1099 4784 1154 4851 est,
1169 4778 1254 4851 qnasi
1269 4775 1432 4833 diueretnr:
1448 4776 1626 4852 ingemiseit,
1637 4781 1667 4834 et
1678 4777 1763 4851 quasi
1777 4795 1844 4852 par

138 4868 181 4927 eit
194 4868 276 4926 enim
291 4885 343 4942 per
357 4872 522 4927 ereaturam
536 4869 689 4926 bominem
714 4868 895 4942 significem
915 4886 968 4928 neo
1021 4868 1135 4925 turiene
1150 4865 1238 4924 dolet.
1268 4864 1439 4939 ingemiseit
1465 4870 1563 4923 sutem
1592 4870 1725 4924 ereatura
1737 4867 1768 4924 in
1783 4866 1843 4923 illis

139 4955 240 5015 mlum
250 4956 542 5031 perematuram,eed
553 4957 642 5014 etiam
653 4973 833 5030 peromnem
852 4963 968 5016 oreatu-
1021 4957 1072 5029 qui
1088 4956 1221 5012 nondum
1237 4958 1308 5011 sunt
1322 4953 1448 5012 liberati.
1462 4953 1663 5028 lngemisount
1676 4959 1775 5012 autem
1790 4968 1844 5024 pro

140 5045 313 5115 raimunde
323 5044 466 5103 Dominus
476 5045 506 5100 in
516 5044 688 5118 Evangelio:
710 5047 810 5103 duales
838 5048 869 5103 in
889 5063 970 5103 mua·
1020 5043 1111 5101 variis
1126 5042 1361 5110 diffionltatibus,
1376 5046 1406 5099 et
1433 5042 1584 5112 erumnis,
1600 5059 1675 5116 quas
1692 5041 1845 5115 patiuntur

140 5133 211 5193 dass
225 5136 395 5207 amaneum,
409 5133 558 5206 praedicate
571 5134 750 5205 duougetium
768 5136 848 5191 omni
860 5140 968 5192 creatu
1023 5133 1053 5189 in
1067 5133 1127 5190 vitu
1142 5132 1289 5205 presenti.
1305 5131 1339 5188 ltt
1354 5137 1432 5189 reete
1441 5131 1482 5189 ait
1496 5148 1581 5205 aeque
1594 5131 1692 5197 miae,
1705 5127 1844 5201 qnoniam

142 5236 187 5281 τε
200 5222 293 5297 (Uaro.
310 5240 369 5296 xvi,
386 5222 442 5296 15.)
471 5222 505 5278 dt
529 5221 608 5278 idem
632 5222 808 5296 Apostolus:
825 5223 894 5281 Cum
912 5227 969 5298 orsi,
1023 5223 1162 5280 eteisunt
1176 5221 1301 5295 quijam
1316 5221 1517 5294 requiescunt,
1531 5218 1617 5278 multi
1633 5223 1732 5275 umen
1748 5216 1845 5278 adhue

142 5310 300 5369 amedera
313 5312 346 5370 iu
358 5314 489 5370 emenso
514 5313 653 5378 creatura,
680 5327 745 5386 puae
770 5312 823 5370 eud
849 5313 918 5371 roeio
930 5321 971 5372 est
1024 5315 1094 5369 sunt
1108 5310 1159 5386 qui
1173 5310 1226 5368 bas
1241 5309 1376 5368 miserias
1391 5311 1554 5385 patiuntur.

181 5435 251 5508 (28⁷
274 5433 362 5511 Vulg.
378 5437 494 5510 subjecit
505 5451 572 5494 eom
585 5435 617 5492 is
630 5451 687 5509 ape.
1059 5435 1134 5508 (290)
1150 5436 1193 5492 lin
1207 5435 1377 5508 preclaram
1392 5424 1567 5493 mutantiam
1581 5429 1705 5504 bulusoe
1718 5432 1847 5493 auotode

182 5507 248 5578 (288
274 5507 307 5566 lu
322 5511 429 5582 eulog.
446 5522 562 5582 sempor
574 5506 683 5581 legitur
698 5507 835 5580 drinonis.
1023 5506 1053 5565 di
1076 5523 1155 5572 nam,
1170 5512 1199 5566 et
1214 5507 1396 5581 temporibus
1409 5504 1473 5563 suis
1487 5502 1803 5568 aeoomodatissimam.

183 5577 641 5658 (murmurosorum.
1056 5522 1135 5659 ital)
1151 5575 1393 5656 insang.,1oeo
1406 5573 1597 5660 eou,isgitur
1610 5578 1679 5642 ten.
