3908 6096
121 294 177 355 651
630 291 798 352 attolus
819 290 1111 352 vindomensis
1136 291 1309 355 EPlSGOPl
1767 295 1826 355 eta

122 428 220 496 sinapis.
238 425 295 480 lloc
305 423 440 494 estquod
457 441 548 496 supra
564 424 633 491 dixi,
651 423 720 494 quia
735 425 770 479 ad
791 424 943 479 cumulan·
963 427 987 489 Α
1003 439 1058 478 riou
1072 423 1256 482 tribeatltum
1269 429 1296 482 si
1309 426 1443 483 eredimus
1458 425 1621 498 quatietur
1635 434 1766 482 mortuus
1777 434 1828 493 est,

124 516 194 570 dum
210 512 350 584 gaudium
366 530 464 582 suum,
482 529 610 568 cresccre
625 513 690 568 illos
707 513 767 567 vult
781 513 866 568 bonis
878 529 943 584 ope·
998 515 1023 565 et
1035 518 1197 584 resurrecti,
1223 516 1262 570 sic
1283 518 1308 571 et
1331 516 1401 571 Deus
1423 516 1496 587 illos,
1511 518 1561 589 pai
1582 517 1762 572 dormieram
1779 532 1831 587 per

125 604 206 657 ribus
222 600 385 656 secundum
401 602 539 656 mandatu
554 600 724 673 apostolica.
999 601 1100 668 lesam,
1113 602 1228 658 adducet
1239 619 1302 658 cam
1315 620 1355 660 eo.
1370 603 1525 659 Manifesta
1538 607 1583 660 est
1596 604 1684 672 ratio,
1708 604 1780 677 qnia
1804 605 1830 661 si

160 690 242 745 Scitis
256 693 409 762 enimcum
421 696 561 762 praecepta
575 689 697 745 dederim
707 691 782 746 votis
791 704 841 760 per
853 689 943 744 Domi·
999 690 1173 746 resurrectio
1188 691 1318 747 creditur
1331 696 1515 747 mortuorum
1536 692 1647 759 lutura,
1673 708 1735 748 non
1759 696 1832 749 snut

123 795 190 834 uam
216 783 339 834 nostram
367 780 459 834 iesum
476 779 625 833 Christum.
642 778 711 833 llam
731 778 944 834 taecestoolau·
1000 773 1119 848 lugendi
1130 777 1253 849 quicum
1265 779 1718 853 signocrucisexaunt.Lugendi
1731 784 1831 837 autem

126 873 168 923 tos
183 869 241 934 liei,
255 868 436 937 sanctificatio
450 871 553 929 oestro:
566 867 703 922 abstinere
718 882 763 922 vos
786 883 804 921 a
822 868 944 938 [arnica-
1000 865 1627 938 veresuutinlldeles,quihinotransauntin
1646 867 1830 943 gehennam,

125 959 242 1019 catione:
260 959 331 1012 seire
352 955 947 1029 unumquemqueoestramsuamoaspossi·
1001 957 1033 1007 nt
1047 953 1180 1009 ediscant
1194 971 1294 1010 verum
1319 971 1383 1012 asae
1407 957 1485 1029 quod
1515 957 1633 1013 credere
1656 957 1830 1015 noluerunt.

125 1038 189 1099 daie
202 1046 230 1098 iu
246 1045 429 1099 sanctimonia
438 1053 463 1098 et
478 1045 509 1098 iu
527 1043 639 1109 honore,
655 1044 751 1098 nortia
761 1043 885 1113 passione
899 1040 946 1097 de-
1001 1042 1114 1099 Fideles
1129 1048 1226 1099 antem
1242 1045 1414 1131 resprgendi
1430 1046 1466 1102 ad
1490 1046 1624 1116 gloriam,
1642 1047 1662 1102 ii
1679 1050 1765 1119 sunt,
1782 1047 1831 1120 qni

125 1133 232 1200 siderii,
254 1135 326 1188 sicut
339 1136 365 1188 et
379 1143 482 1202 pentes,
508 1147 571 1204 puae
591 1133 719 1201 ipsoram
743 1132 839 1201 Deum,
861 1139 892 1185 ut
912 1145 947 1186 ne
1001 1147 1053 1202 per
1065 1131 1210 1200 desumto
1226 1137 1270 1189 est
1285 1135 1340 1189 sub
1354 1149 1405 1205 spe
1420 1134 1488 1190 fidei
1505 1134 1595 1206 hujus
1608 1139 1766 1203 exeuntes,
1782 1135 1834 1191 ad·

126 1224 186 1294 quis
204 1222 447 1293 superprediatur,
471 1237 559 1292 acque
581 1222 822 1277 circumveniatis
837 1220 946 1290 repotia
1001 1220 1145 1276 ducentur
1160 1237 1227 1277 oum
1242 1238 1275 1279 eo
1291 1223 1322 1277 in
1337 1222 1495 1279 adventum
1506 1223 1581 1294 ejus,
1593 1229 1622 1279 ut
1635 1224 1674 1279 ab
1688 1223 1834 1281 omnibns

125 1314 241 1382 tratrem
261 1328 351 1378 suune,
372 1313 503 1382 quoniam
527 1309 628 1367 rimer
651 1313 692 1365 est
712 1310 844 1365 Dominus
857 1308 890 1364 de
903 1309 946 1363 liis
1001 1309 1163 1365 videantur.
1179 1310 1252 1366 (lum
1267 1311 1330 1382 ipse
1345 1315 1444 1367 tamen
1459 1312 1590 1368 defuncti
1608 1326 1769 1369 excessum
1786 1312 1833 1369 lu·

126 1399 262 1467 manibus,
284 1400 354 1454 sicat
377 1404 403 1454 et
430 1397 641 1470 predicaoimus
665 1397 741 1454 coiis
763 1401 790 1453 et
813 1398 948 1467 testificati
1001 1398 1129 1469 gendum
1146 1398 1394 1469 prohibeat‚alibi
1411 1400 1505 1456 dicit:
1521 1417 1556 1458 ue
1575 1401 1727 1457 tristitiam
1751 1401 1834 1459 tate

126 1493 303 1544 sumuscum
319 1486 418 1543 laudet
432 1505 481 1544 eos
491 1487 520 1542 in
531 1491 592 1543 tota
602 1487 741 1559 Epistola,
758 1491 856 1542 tamen
868 1502 947 1541 com·
1001 1502 1060 1540 rem
1075 1486 1235 1557 (mattam
1251 1487 1340 1544 etiam
1356 1505 1410 1546 suo
1426 1488 1488 1546 loco
1503 1489 1633 1546 solutum
1647 1490 1830 1565 antistitii).

127 1576 377 1648 monetnaaliqua
388 1576 574 1648 subreptione
586 1577 622 1632 ad
638 1575 740 1631 illicita
754 1576 946 1647 deducantur,
1003 1592 1033 1642 11,
1049 1575 1106 1646 27).

126 1672 155 1722 et
178 1666 330 1722 incurrant
352 1666 522 1736 vindictam,
539 1681 628 1737 quam
652 1665 786 1721 ultricem
801 1663 946 1721 malorum
1037 1664 1404 1724 llocenimoobisdtcimus
1418 1669 1450 1723 iu
1464 1667 1758 1742 vertoliomiui‚euia
1772 1684 1831 1739 uos,

127 1755 299 1826 didicerant,
315 1755 440 1811 scientes
455 1755 508 1811 hoc
524 1754 582 1810 Deo
598 1754 748 1827 placera,si
762 1770 884 1826 corpora
894 1770 949 1809 sua
963 1786 988 1852 B
1002 1755 1051 1826 qui
1064 1753 1244 1825 vicimus,qui
1252 1754 1393 1812 subrelicti
1401 1773 1495 1813 summ
1504 1759 1534 1812 iu
1545 1757 1693 1813 adveutum
1703 1759 1831 1829 Domini,

127 1844 357 1900 incontaminata
382 1844 565 1912 custodiant,
591 1843 641 1900 aad
665 1848 694 1899 at
716 1858 783 1899 cum
807 1842 949 1898 frutribus
1003 1858 1058 1898 aon
1070 1843 1273 1915 praeveniemus
1285 1860 1340 1914 eos,
1355 1847 1404 1917 pai
1415 1847 1608 1909 dormierunt:
1622 1848 1693 1920 quia
1708 1850 1831 1922 ipselto·

128 1932 300 2004 simpliciter
314 1936 450 2005 agantnc
465 1931 577 1988 similes
588 1932 727 2004 gentibus
740 1930 950 2005 inventi,adup·
1002 1932 1242 2003 minusiajussu,
1263 1935 1295 1988 ia
1318 1950 1379 1991 eoae
1400 1935 1570 2008 mahometi,
1594 1941 1622 1990 et
1642 1937 1712 1993 tuda
1740 1939 1832 1996 iloni·

127 2021 217 2078 tionis
233 2021 351 2077 nomine
366 2021 548 2077 abdicantur.
1002 2021 1034 2075 ai
1048 2020 1188 2076 descendet
1200 2019 1234 2076 de
1245 2022 1348 2088 calcet
1363 2021 1393 2087 ti
1407 2025 1455 2095 aui
1467 2025 1573 2080 mortui
1586 2028 1651 2080 sum
1665 2026 1697 2081 iu
1709 2025 1830 2097 curiata

161 2112 221 2167 Nou
244 2113 318 2166 enim
341 2113 445 2167 vocavit
469 2126 518 2166 uos
541 2112 609 2165 lleus
637 2112 667 2165 ia
690 2109 879 2176 immunditia,
903 2109 951 2165 sed
1003 2112 1144 2179 resurpeut
1156 2110 1252 2180 primi.
1268 2109 1371 2166 Deinde
1390 2127 1450 2182 nos,
1472 2114 1521 2183 qui
1545 2113 1760 2179 viticusum
1773 2128 1831 2172 cm

126 2202 156 2256 iu
171 2201 365 2255 sanctimonia.
378 2201 554 2269 Quapropter
569 2200 615 2269 qai
629 2201 735 2270 speruit
749 2200 815 2265 trec,
829 2215 885 2255 uoa
900 2198 949 2254 lo·
1003 2199 1062 2253 ittes
1078 2200 1220 2269 rapiemur
1230 2199 1259 2253 iu
1273 2199 1393 2255 uetitas
1408 2201 1517 2256 obuiam
1531 2200 1646 2257 Domino
1663 2201 1780 2260 Girr'sto
1803 2205 1833 2259 iu

125 2290 230 2343 minem
249 2290 364 2360 spermit,
379 2288 424 2342 sed
441 2289 534 2353 Deum,
559 2290 607 2358 qai
630 2286 703 2343 dedit
726 2287 862 2359 Spiritum
884 2304 949 2342 saa·
1003 2289 1360 2357 aera,etsicsempercum
1382 2289 1496 2344 Domino
1520 2292 1633 2346 erimus.
1650 2290 1749 2358 Quare
1771 2307 1833 2349 oos-

126 2379 201 2432 ctum
215 2378 245 2431 ia
259 2392 305 2431 vos
319 2376 421 2447 (1285).
438 2374 475 2430 Ut
490 2374 595 2430 fortius
610 2376 754 2447 astringat
768 2376 804 2431 ad
827 2393 861 2432 aa
885 2392 950 2447 quas
1002 2376 1189 2431 salaminiam
1198 2377 1315 2432 inuicem
1325 2377 1611 2435 interseruissem
1620 2377 1744 2436 Domini
1755 2378 1833 2454 loqui

126 2465 274 2533 docet,Dei
287 2464 448 2536 interponit
463 2480 628 2535 personam,
645 2464 747 2520 diceus
763 2482 770 2520 :
786 2463 951 2520 Nouhomi·
1003 2480 1035 2520 ae
1046 2463 1283 2536 prolitatnr,aum
1293 2464 1364 2520 dicit
1378 2483 1384 2521 :
1397 2465 1456 2522 Hoc
1467 2466 1547 2523 vobis
1560 2467 1690 2524 dicimus
1700 2468 1736 2526 in
1746 2470 1833 2527 verta

127 2569 194 2609 nem
204 2553 373 2625 spernitqui
389 2553 516 2624 preterit
531 2554 735 2625 preceptased
755 2553 949 2617 Deum.Ouem
1004 2551 1254 2608 Domini.Utanim
1264 2553 1354 2609 lidum
1366 2559 1585 2626 spemetratam
1597 2555 1729 2629 gloriam
1740 2572 1835 2615 meur·

128 2642 193 2697 ideo
208 2641 279 2697 dicit
291 2642 433 2713 Spiritum
448 2647 583 2696 sanctum
600 2642 685 2697 nabis
699 2641 826 2709 dedisse,
843 2650 874 2698 ut
886 2659 951 2698 san·
1004 2640 1141 2697 rectionis
1156 2642 1267 2698 sanatis
1279 2643 1430 2714 promissa
1439 2645 1777 2716 demonstret,ordiuam
1791 2648 1834 2722 ip·

130 2731 329 2796 derivamus,
346 2729 415 2801 quia
429 2730 457 2784 iu
474 2745 594 2801 corpore
618 2730 734 2786 subdito
759 2732 870 2803 peccati
892 2748 950 2787 non
1005 2747 1072 2786 sum
1082 2730 1229 2801 quomodo
1240 2732 1339 2786 lutura
1348 2731 1529 2804 sit,exponit,
1538 2736 1613 2788 nutu
1620 2733 1740 2805 judicis
1752 2734 1834 2792 Chri·

131 2818 243 2874 habitat
257 2818 383 2890 Spiritus
398 2822 517 2874 sanetus
531 2819 607 2890 (Sap.
624 2836 644 2884 1,
661 2819 686 2885 l,
702 2820 741 2891 5).
1004 2820 1157 2888 stipando
1167 2817 1275 2891 Spiritu
1289 2819 1453 2885 intimante,
1464 2825 1497 2876 ut
1508 2821 1572 2894 ipsa
1582 2836 1645 2893 spe,
1663 2823 1717 2895 qui
1728 2823 1834 2886 chama

165 2910 202 2964 lle
216 2909 356 2980 affectione
370 2915 462 2962 autem
475 2908 658 2976 fraternitatis
672 2923 727 2963 uon
745 2907 874 2963 tutemus
898 2925 951 2964 m·
1005 2925 1074 2964 snos
1086 2908 1253 2980 praemisera
1259 2912 1300 2975 nt,
1312 2924 1369 2964 non
1381 2908 1508 2981 doleant,
1516 2910 1705 2968 addiscentes
1718 2912 1791 2985 quia
1805 2913 1834 2969 in

128 3000 282 3055 cessitatem
296 2996 435 3053 scribendi
448 2997 533 3051 uotis.
549 2998 608 3067 tpsi
622 2998 696 3051 ertim
708 3012 755 3052 oos
766 3014 785 3052 a
801 3001 860 3052 Deo
880 2998 952 3054 docti
1004 2998 1130 3052 adventu
1142 2995 1255 3052 Domini
1261 2997 1373 3068 priores
1383 2999 1834 3070 resurgent,quiintlhristomo·

128 3091 195 3145 estis
206 3088 241 3143 od
255 3087 313 3155 troc,
328 3090 359 3141 ut
373 3102 418 3142 vos
432 3087 552 3141 invicem
575 3085 712 3159 ditipatie.
727 3090 799 3142 litam
813 3089 948 3159 riseritis
1004 3085 1199 3157 riunturlpse
1212 3084 1292 3141 enim
1306 3085 1439 3142 Christus
1454 3086 1597 3144 Dominus
1608 3087 1772 3148 voluntate
1782 3091 1831 3147 Pa·

12 3186 17 3197 '
128 3177 200 3234 ittad
214 3179 247 3232 iu
265 3191 358 3232 orares
379 3175 483 3246 {ratres
504 3190 554 3246 per
576 3178 734 3230 uniuersam
748 3175 944 3234 Macedoniam.
961 3152 983 3218 C
1000 3172 1273 3245 tris,quaeiprimus
1284 3173 1613 3246 angeluacumexercitu
1624 3175 1831 3247 aoelesti,siant

126 3266 221 3322 Etiam
233 3265 288 3321 hoa
302 3281 369 3320 cum
391 3264 484 3318 iacere
507 3262 573 3319 illos
596 3262 707 3331 laudat,
724 3270 889 3321 commonet
903 3270 946 3321 ta-
1001 3261 1166 3319 continetnr
1178 3262 1208 3317 iu
1219 3262 1392 3336 Apocalypsi
1400 3262 1521 3320 ioannis
1530 3263 1831 3336 apostolicaesedis

126 3372 193 3410 men
208 3359 240 3409 ut
255 3350 429 3424 propensius
446 3352 499 3406 hoa
514 3357 613 3425 agant.
630 3354 708 3418 Quos
723 3353 801 3408 enim
823 3355 858 3410 ab
882 3355 946 3427 ipso
1001 3352 1037 3407 de
1049 3350 1118 3407 coelo
1129 3351 1165 3407 ad
1176 3351 1337 3424 &randum
1348 3352 1458 3408 bellum
1470 3353 1588 3410 nomine
1599 3355 1830 3414 Dominieontru

124 3443 182 3497 Deo
198 3443 299 3497 doctos
314 3438 394 3506 dicit,
411 3440 605 3510 promptiores
619 3457 683 3495 csse
702 3441 807 3497 debera
831 3443 860 3497 in
885 3444 945 3498 lra-
1000 3438 1224 3496 Antichristum.
1240 3439 1301 3503 Ouo
1313 3440 1465 3509 exstincto,
1478 3443 1566 3513 jussu
1585 3442 1652 3513 ejus
1673 3450 1829 3518 resurgeat

125 3534 207 3585 terna
228 3528 370 3584 charitate
393 3526 549 3598 siguificat.
572 3526 693 3599 Propter
718 3528 842 3585 multam
867 3531 945 3588 anim
1002 3528 1182 3585 mortui.Hoe
1192 3532 1238 3584 ast
1247 3528 1353 3600 ergoin
1364 3529 1436 3585 tuba
1446 3529 1496 3586 Dei
1508 3530 1699 3598 descendere,
1712 3534 1828 3590 nomio

125 3618 296 3674 charitatem
312 3614 389 3670 Deus
404 3614 543 3669 misertus
557 3619 603 3671 est
617 3616 719 3683 nostri,
736 3617 821 3688 cujus
845 3617 945 3675 imita·
1002 3619 1049 3673 Dei
1067 3615 1177 3672 bellum
1190 3631 1299 3688 gerere.
1314 3617 1461 3684 llsteuim,
1477 3623 1509 3674 ut
1519 3618 1583 3691 ipse
1593 3619 1668 3676 dixit
1677 3622 1717 3679 ad
1729 3622 1827 3680 laeum

125 3712 202 3762 tures
214 3703 308 3760 attacti
324 3719 381 3759 non
400 3702 547 3758 immerito
572 3702 724 3774 adoptatos
739 3721 793 3760 noa
816 3707 945 3762 ostendi·
999 3705 1094 3762 filium
1108 3705 1185 3761 Nave
1199 3706 1262 3774 (tos.
1279 3721 1307 3772 v,
1323 3706 1377 3778 ll),
1394 3705 1453 3762 dux
1473 3710 1502 3763 et
1526 3706 1664 3781 prinoaps
1677 3711 1825 3768 exercitat

125 3811 222 3851 musa
236 3793 294 3849 Deo
310 3791 395 3848 filios.
1000 3795 1126 3862 Domini,
1141 3800 1260 3866 propter
1272 3796 1350 3865 quod
1360 3794 1555 3869 archangelus
1565 3795 1768 3856 dicitur.Cum
1779 3816 1825 3856 au·

160 3885 308 3939 Hortamur
321 3889 414 3938 autera
428 3897 483 3952 aas,
496 3882 607 3952 fratres,
633 3881 774 3939 aturzdore
795 3887 894 3956 mapis,
919 3892 946 3942 et
1000 3884 1099 3941 temin
1110 3883 1182 3939 tuba
1191 3883 1242 3939 Dei
1252 3883 1418 3951 descendet,
1430 3884 1508 3940 Deua
1518 3888 1574 3950 est,
1585 3885 1657 3958 quia
1666 3892 1827 3962 utrumque

126 3976 195 4030 eniti
209 3974 358 4045 quiescere,
375 3978 400 4026 et
415 3978 535 4026 oestrum
556 3972 696 4041 capotium
719 3988 812 4041 opera
837 3977 947 4046 operari
999 3973 1150 4029 continent
1160 3971 1326 4044 scriptur,
1337 3970 1414 4028 siout
1428 3976 1457 4028 et
1471 3973 1501 4030 in
1515 3973 1721 4047 Exodo,quem
1738 3992 1825 4051 ange·

125 4063 256 4119 mauitms
267 4062 374 4131 vostris,
389 4061 460 4115 sicat
474 4059 549 4114 robis
569 4062 759 4131 praecepimus,
782 4072 812 4116 ut
835 4063 963 4121 tereste·
999 4060 1187 4133 1ιιιιι(1288)ἰιι
1198 4060 1318 4116 flamma
1328 4061 1501 4134 apparuisse
1512 4061 1601 4135 lloysi
1613 4061 1760 4137 tammus,
1770 4071 1825 4123 m·

123 4153 270 4208 omtutetis
283 4150 319 4204 ad
331 4165 376 4205 eos
388 4149 437 4220 qui
449 4149 518 4219 toris
532 4151 639 4214 suntet
652 4149 759 4204 nultius
777 4150 946 4209 desiderium
999 4151 1052 4205 tim
1069 4150 1166 4221 ipsum
1178 4149 1207 4205 in
1218 4149 1360 4220 subjectis
1375 4165 1440 4206 asse
1456 4151 1546 4206 Deum
1561 4152 1769 4226 agnoscimus,
1783 4153 1823 4210 tt·

123 4244 158 4296 sit
183 4240 266 4296 eoos.
293 4240 400 4295 lterum
423 4237 525 4293 cadom
547 4236 690 4303 hortatur,
714 4242 745 4293 ut
768 4239 836 4295 data
857 4256 946 4313 opera
999 4239 1071 4295 lium
1081 4237 1824 4314 ttei‚dicenteaadsmScriptura(lt.,6).lltaooadeus,

123 4329 274 4384 abundent
288 4327 371 4382 bonis
387 4323 509 4380 actibus.
527 4323 564 4379 Ut
578 4325 656 4379 enim
679 4325 857 4398 significaret
878 4346 944 4387 vere
999 4327 1526 4399 inquit‚lloysasavertitse,quianon
1538 4329 1825 4402 potnitconsiderart

122 4416 177 4472 huc
206 4432 270 4473 esse
301 4416 405 4485 (lato),
435 4412 513 4484 quod
546 4412 642 4483 placet
674 4414 741 4480 Deo,
777 4416 945 4489 frequenter
999 4416 1147 4472 infaciem
1164 4415 1319 4473 Dei.Deus
1341 4416 1825 4488 arguatquiattttiusnetmrm

121 4504 176 4561 hoa
201 4511 306 4562 mouet.
323 4501 449 4560 iustitia
474 4500 553 4557 enim
578 4502 623 4556 via
646 4504 773 4559 tenenda
788 4510 843 4571 est,
860 4511 892 4562 ut
905 4507 942 4562 ad
960 4519 983 4585 Ι)
998 4509 1050 4560 est.
1068 4503 1134 4559 nux
1149 4506 1257 4570 autem,
1287 4507 1315 4558 et
1332 4503 1467 4576 princeps
1482 4503 1557 4574 ideo,
1571 4505 1643 4577 quia
1657 4513 1751 4578 capnt
1763 4524 1823 4565 om·

122 4594 352 4650 misericordiam
365 4593 432 4661 jura
444 4588 590 4645 veniatur:
601 4593 632 4645 ut
649 4591 698 4662 qni
714 4590 866 4649 interiores
875 4599 944 4650 sunt
1000 4593 1082 4648 nium
1090 4591 1218 4662 est,quia
1228 4590 1387 4663 peripsum
1399 4592 1751 4667 omniauesurgantitm
1759 4610 1823 4671 arga

120 4683 294 4751 substantia,
310 4681 446 4736 munibus
471 4678 612 4747 laborent,
637 4684 669 4734 ut
691 4679 756 4751 ipsa
782 4680 942 4738 intentione
997 4679 1111 4753 primis,
1128 4678 1178 4749 qui
1190 4679 1220 4734 iu
1231 4678 1345 4735 Christo
1356 4681 1463 4736 mortui
1476 4686 1556 4750 aunt,
1568 4680 1676 4739 deinde
1693 4700 1761 4753 nou,
1777 4682 1824 4758 qui

120 4772 261 4827 tolluntur
275 4788 292 4826 u
307 4769 418 4839 vulgari
434 4768 683 4839 inquietudinem
696 4773 725 4823 et
739 4786 755 4824 a
768 4786 856 4841 prava
866 4770 942 4842 cogi-
995 4769 1120 4824 vivimus
1130 4767 1422 4839 rapiemurunacum
1439 4768 1621 4841 illis,bajulis
1632 4773 1824 4832 nubibusob·

119 4862 240 4927 tatione,
258 4865 290 4915 ut
313 4858 468 4930 disciplina
491 4872 590 4911 eorum
619 4855 705 4911 utiam
722 4858 758 4911 ab
775 4856 941 4912 infidelibus
995 4858 1071 4913 viam
1087 4856 1200 4912 Christo
1213 4857 1240 4911 in
1253 4861 1443 4924 ceramicum
1457 4859 1579 4915 Domino
1590 4863 1822 4919 omnesveniant

120 4951 265 5021 laudetur,
276 4953 305 5003 et
317 4947 432 5019 possint
446 4945 593 5017 provocari
612 4946 646 5000 ad
664 4945 762 5001 fidem.
996 4946 1032 5001 ad
1047 4943 1191 5017 pralium,
1209 4949 1242 4999 ut
1258 4962 1332 5016 quos
1346 4946 1505 5016 occiderat,
1520 4946 1618 5003 videat
1643 4949 1739 5007 vivos.
1754 4948 1824 5018 Quia

155 5040 286 5098 Nolumus
301 5039 389 5092 autem
407 5051 450 5090 utos
465 5036 608 5103 ipnorare,
624 5035 738 5100 fratres,
763 5033 796 5090 de
819 5034 872 5106 tris,
894 5037 943 5107 qui
996 5033 1072 5090 sicut
1086 5033 1209 5090 Domino
1225 5032 1372 5090 famulata
1388 5036 1577 5101 suntnubaa,
1592 5034 1823 5111 tractumque·

120 5133 272 5198 duratium,
283 5143 318 5184 ue
331 5125 541 5190 contristemini,
557 5125 628 5178 sicut
641 5129 666 5178 et
680 5125 775 5180 cuceri
797 5125 846 5195 qui
866 5140 941 5195 spem
995 5124 1102 5180 iratres
1116 5138 1186 5179 suos
1201 5122 1340 5195 dignatus
1363 5127 1408 5181 eat
1431 5124 1588 5198 appellare.
1611 5127 1647 5182 lit
1660 5129 1703 5184 sie
1716 5140 1821 5202 semum

154 5293 245 5363 (1285)
262 5290 346 5363 Vulg.
363 5291 394 5344 iu
408 5287 495 5355 notris,
511 5287 551 5341 ita
566 5290 595 5340 et
608 5284 824 5339 Ambrosiaster
839 5288 867 5340 et
877 5285 941 5341 Hie·
1030 5285 1122 5356 (1288)
1137 5282 1222 5354 Vulg.
1237 5280 1300 5338 loco
1315 5283 1429 5354 capetus
1445 5281 1533 5339 habet
1546 5284 1822 5343 nominassemus

120 5352 322 5434 ronymiuster.
993 5355 1056 5411 Act.
1073 5355 1185 5423 v11,39;
1202 5353 1251 5409 nbi
1267 5353 1433 5425 Stephanus
1448 5371 1653 5429 narransque
1669 5357 1764 5432 Mopsi
1774 5371 1819 5413 aa·

153 5436 244 5504 (trau)
260 5432 452 5488 Ambrosiast.
468 5428 625 5502 Sipnificat,
642 5433 668 5482 et
677 5441 738 5482 erere
753 5426 804 5481 hoe
821 5443 889 5483 esse.
907 5427 938 5483 ln
994 5427 1136 5496 ciderunt,
1153 5425 1250 5497 inquit
1265 5441 1272 5481 ι
1289 5425 1424 5496 Apparuit
1438 5426 1484 5482 itti
1497 5427 1528 5483 ta
1541 5427 1647 5487 demto
1660 5430 1764 5491 montis
1775 5429 1821 5489 st·

115 5509 215 5574 sutae.
231 5521 297 5560 vero
312 5523 319 5561 :
336 5503 479 5575 Stpnificat
493 5515 565 5558 aere.
992 5514 1031 5555 aa
1044 5498 1165 5573 cupetur
1181 5498 1213 5554 iu
1228 5498 1292 5572 ipae
1304 5497 1427 5571 damme
1440 5496 1513 5561 rubi.

151 5576 242 5659 (1287)
257 5574 323 5632 Seil.
344 5574 373 5631 in
390 5572 569 5648 expositione
584 5569 633 5628 oit.
649 5573 705 5627 tex.
724 5569 759 5626 ud
775 5568 901 5645 Philipp.
