3908 6096
125 328 184 392 885
649 329 915 396 POLYPTIGUM.
930 364 970 377 -
984 329 1142 396 'textus
1163 330 1305 394 Aurea.
1765 326 1825 390 888

125 461 247 518 abactus
262 460 388 518 insidiis.
400 461 457 518 Nec
472 463 716 521 censuradurana
732 464 761 520 in
776 463 853 520 idem
871 481 947 537 sape
960 467 989 534 A
1003 482 1091 522 suum
1107 464 1201 536 silere,
1217 465 1261 521 vel
1282 463 1404 521 moleste
1419 464 1569 520 obducunt
1591 459 1649 517 luci
1665 464 1694 517 et
1716 463 1827 534 cogunt

126 551 283 623 respondet
307 567 365 606 una
388 551 543 619 sententia,
569 568 631 622 quas
656 569 734 608 nunc
754 554 859 626 arguit,
883 571 950 610 mox
1006 555 1136 628 experire
1159 555 1295 611 acerbum
1310 555 1375 621 iter,
1393 558 1422 610 et
1445 554 1570 608 lustrare
1593 550 1691 624 ignota
1707 550 1823 607 saeoula.

125 640 232 696 iterum
248 640 331 696 inssat
345 638 493 710 laudibus,
509 646 538 696 et
553 658 656 698 rursus
671 642 831 715 proclamat
846 644 948 700 eadem
1004 644 1077 701 Hinc
1087 645 1212 701 effluunt
1227 645 1335 700 animis
1350 645 1420 699 dum
1436 645 1585 714 compotes
1600 639 1746 696 caducarii
1758 654 1826 694 eve·

124 729 279 802 prophana
292 728 412 800 insuper
427 733 455 784 et
470 730 623 786 deteriora.
1004 735 1089 791 niunt
1104 733 1241 806 prostrati
1265 734 1352 806 regis.
1369 732 1451 788 Unde
1472 746 1548 803 sepe
1563 729 1662 785 colunt
1682 727 1825 784 caltudiae

159 821 212 873 Ast
226 817 464 872 conditorarduas
480 818 556 875 arcis
566 819 636 891 quin
654 820 803 877 laureatus
818 821 890 878 solio
901 821 950 876 ni·
1003 824 1182 882 ostendendo
1197 821 1332 894 superba,
1344 827 1372 877 et
1388 821 1555 877 conducunt
1568 835 1599 874 se
1615 817 1718 889 elogiis
1734 816 1825 872 libare

123 924 178 961 xus
194 905 324 961 elevatur
349 905 458 978 opimo,
475 913 505 964 et
529 908 646 965 loetatur
660 909 777 966 eludere
799 911 947 967 residuam
1003 913 1117 969 nibaria
1131 911 1267 968 careaesia
1281 911 1458 966 attribuunt
1481 909 1580 965 calbas
1596 908 1631 963 ad
1658 906 1782 963 invicem
1797 908 1827 960 et

122 994 273 1051 cohortem
286 993 744 1069 rudibussyllogismis‚jubilatsi
758 1016 831 1072 quos
841 1000 949 1055 eximet
1004 1001 1131 1058 reddunt
1146 1000 1241 1056 sabaa
1256 997 1419 1054 semicintia
1435 1002 1554 1071 gravata
1577 994 1708 1052 coruscis
1724 992 1825 1050 bullis.

124 1100 243 1141 summa
259 1083 321 1139 dies
336 1084 406 1138 dum
422 1084 512 1141 intret
527 1086 699 1143 caducarius
714 1094 743 1144 et
757 1088 864 1154 viduis,
884 1105 947 1160 qua
1002 1091 1115 1146 Rursus
1130 1088 1312 1159 ingeminant
1327 1103 1357 1143 se
1372 1087 1480 1142 vincire
1494 1084 1611 1155 [novella
1626 1084 1683 1139 ilde
1698 1082 1826 1139 alternas

123 1175 293 1245 superstant
307 1173 342 1227 ab
359 1172 442 1244 ipsis,
458 1190 516 1229 non
529 1175 617 1230 datur
631 1177 710 1248 optio
723 1177 747 1232 si
759 1177 801 1232 sic
812 1180 949 1232 maneant
1002 1178 1121 1235 sibimet
1131 1181 1232 1232 mutuo
1244 1177 1331 1231 dante
1344 1173 1479 1247 prosapia
1491 1174 1646 1247 nymphas,
1660 1169 1826 1227 etvicissim

124 1261 292 1334 autquibus
303 1263 947 1339 praeparentsebivitasniredimantquorum
1002 1267 1151 1338 excipiunt
1165 1265 1220 1321 sibi
1236 1264 1360 1337 pignora
1376 1262 1530 1319 delubro...
1547 1262 1690 1318 servanda
1706 1259 1825 1316 cliente·

123 1351 223 1423 inepta
243 1351 390 1407 connubia
404 1355 454 1406 aut
478 1356 645 1408 mercantur
660 1354 697 1409 ab
720 1353 875 1410 immeritis
898 1361 948 1410 aut
1002 1355 1041 1421 la,
1057 1360 1085 1411 et
1099 1354 1143 1410 vel
1158 1352 1210 1409 tali
1225 1352 1364 1409 strabone
1377 1351 1536 1424 persistant
1550 1354 1710 1422 compacta.
1723 1348 1824 1405 Ceteri

124 1440 242 1512 erigunt
266 1446 383 1512 egentes
410 1439 530 1497 clientes
557 1443 644 1515 regis,
660 1443 710 1514 qui
735 1460 787 1499 nec
811 1444 948 1499 dubitant
998 1446 1126 1517 jurando
1143 1459 1194 1516 per
1205 1443 1360 1499 Dominum
1376 1439 1580 1513 spirituum,et
1595 1456 1646 1512 per
1660 1455 1749 1494 urnae
1760 1439 1825 1509 ejus

124 1529 268 1585 offuscare
279 1530 428 1602 privignos
438 1547 491 1586 nec
505 1531 658 1587 excludere
674 1533 811 1605 prodigas
827 1538 946 1589 matres.
1002 1533 1215 1589 fidissimorum
1231 1531 1350 1586 testium
1366 1529 1473 1585 celatas
1489 1528 1518 1583 in
1532 1526 1621 1600 polito
1636 1526 1722 1599 opho.
1733 1526 1827 1598 Igitur

160 1622 193 1673 Et
205 1618 263 1673 dux
273 1618 420 1674 interdum
431 1623 529 1676 sumet
539 1619 695 1693 insignitas
708 1622 810 1693 liguris
825 1621 854 1676 in
867 1622 948 1694 Lyto-
1003 1621 1190 1695 distinguunt
1203 1620 1321 1675 interae
1336 1622 1452 1690 gentem
1462 1621 1490 1673 et
1505 1616 1642 1689 patriam,
1653 1620 1682 1670 ct
1692 1619 1827 1670 evertunt

125 1711 248 1763 stratam
260 1706 357 1762 aulam
368 1708 505 1780 turpibus
520 1708 633 1765 usibus.
646 1709 753 1766 Deinde
764 1711 841 1783 cogit
852 1710 948 1782 priva·
1003 1711 1115 1782 inopes,
1132 1713 1160 1766 et
1176 1709 1250 1766 haud
1267 1708 1369 1763 odiunt
1384 1704 1530 1762 temerarii
1545 1704 1681 1775 qualibet
1696 1718 1788 1759 saera.

123 1796 178 1853 tim
193 1797 298 1869 degere
319 1801 437 1852 ceteros
461 1790 619 1869 productos
634 1798 787 1871 indigenas
812 1800 949 1871 etjaceat
1040 1801 1129 1856 Fama
1143 1803 1187 1854 est
1202 1814 1269 1854 eum
1295 1794 1436 1867 Autolops
1452 1793 1570 1865 eoeperit
1582 1792 1689 1848 elidere
1711 1808 1825 1848 comam

124 1902 230 1959 egenos
241 1886 367 1942 advenas
381 1885 480 1942 electis
496 1886 639 1956 aurilibus
651 1888 721 1959 quia
735 1887 870 1960 dapsplee
882 1905 946 1960 spe·
1002 1888 1136 1944 hericina
1161 1885 1292 1960 implicat
1316 1901 1347 1940 se
1372 1883 1446 1949 neci,
1463 1887 1492 1937 et
1506 1882 1625 1937 tandem
1653 1885 1682 1936 ct
1706 1880 1824 1935 tandem

124 1979 169 2030 rat
184 1991 233 2030 eos
248 1974 315 2030 sibi.
332 1976 365 2030 Et
382 1974 406 2030 si
423 1975 467 2029 vel
483 1975 561 2032 cives
576 1980 692 2031 tantum
718 1977 826 2032 buceos
842 1993 943 2049 saque·
1002 1978 1122 2051 prodere
1138 1993 1169 2032 se
1193 1974 1310 2049 propria
1334 1990 1411 2029 voce.
1428 1972 1474 2026 Sic
1490 1971 1584 2026 evenit
1602 1969 1659 2024 illis
1684 1968 1733 2040 qui
1750 1985 1825 2039 prce-

123 2067 331 2120 strantesaera
346 2079 535 2131 mammcna;
551 2068 584 2120 ut
601 2065 698 2136 potius
709 2065 948 2122 celebrentcbse·
1001 2067 1123 2123 sumunt
1137 2063 1244 2120 violare
1268 2080 1360 2119 sacra.
1378 2063 1491 2117 interea
1515 2076 1567 2117 nec
1583 2064 1678 2115 cessat
1699 2056 1824 2130 punitio,

123 2153 203 2224 quia,
220 2157 249 2207 et
263 2156 383 2223 pareant
391 2152 485 2223 jussis
500 2168 553 2225 per
566 2169 662 2210 omne.
674 2154 731 2209 Neo
738 2154 851 2226 jactent
868 2155 948 2211 :haec
1003 2155 1137 2228 quamvis
1152 2155 1308 2210 credantur
1323 2151 1486 2216 obliterata,
1496 2166 1559 2221 quoa
1574 2147 1687 2204 dudum
1698 2145 1825 2201 tulerant

123 2239 272 2314 magnalia
284 2241 359 2296 rudit
368 2239 451 2296 nobis
462 2240 589 2313 genuina
600 2242 820 2314 prosapia.Quia
830 2243 946 2300 attoniti
1002 2243 1184 2312 moleste,vel
1197 2244 1220 2299 si
1234 2260 1291 2299 non
1304 2240 1412 2297 luerint
1423 2239 1578 2309 impetrata
1588 2253 1652 2309 que
1661 2237 1823 2308 jusserant,

123 2328 269 2401 plaudunt
284 2329 334 2385 scd
350 2329 444 2401 ignari
459 2329 528 2401 qnid
544 2330 643 2387 rutilet
657 2348 708 2404 per
735 2334 877 2402 trabeam,
894 2349 947 2390 nec
1002 2333 1207 2407 opportunitas
1232 2330 1360 2386 vindicat
1375 2330 1404 2384 in
1427 2328 1510 2400 ipsis.
1537 2329 1659 2398 iusuper
1673 2322 1827 2396 tripliciter

122 2417 223 2473 docuit
237 2423 382 2489 preterca.
400 2418 505 2475 Obsius
520 2419 594 2475 fallit
608 2420 662 2477 hos
676 2424 705 2476 et
719 2419 838 2477 lieorcm
859 2438 946 2494 quem
1002 2424 1115 2479 addunt
1136 2421 1274 2494 perficere
1290 2434 1379 2475 nexos
1401 2434 1452 2489 pro
1468 2416 1576 2488 quibus
1595 2413 1665 2470 olim
1682 2414 1826 2469 llnxerant

122 2522 228 2562 cauma
241 2506 353 2579 expulit
367 2508 565 2578 antro,solent
576 2509 710 2581 praeferre
724 2508 947 2581 lapillisindicis
1002 2510 1143 2584 repellere
1157 2509 1264 2566 lucem.
1275 2508 1387 2572 Quibus
1398 2506 1496 2579 prada
1510 2509 1553 2560 est
1568 2502 1709 2575 supellex,
1721 2502 1757 2557 de
1768 2517 1826 2572 qua

122 2599 152 2651 et
164 2594 290 2651 caucasi.
309 2597 344 2651 iit
359 2596 429 2652 dum
451 2595 558 2653 tollunt
572 2596 715 2654 ciliartica
739 2598 878 2671 insignia,
895 2615 947 2656 nec
1003 2616 1105 2656 rursus
1117 2599 1278 2672 proclamat
1286 2596 1409 2667 curiam,
1424 2611 1490 2650 eum
1504 2609 1588 2649 nemo
1604 2592 1644 2649 sit
1658 2592 1707 2663 qui
1720 2591 1826 2646 mutiat

122 2687 249 2740 noscunt
264 2685 392 2741 secunde
413 2690 558 2758 coaptare.
574 2686 708 2758 Cumque
722 2686 805 2760 plebs
820 2687 948 2744 consulit
1002 2691 1037 2745 de
1060 2688 1151 2745 curia.
1168 2687 1227 2759 Ops
1249 2686 1414 2742 considerat
1434 2683 1520 2755 longe
1544 2697 1599 2737 neo
1617 2678 1772 2753 prophetat
1795 2679 1825 2734 in

122 2772 176 2828 hos
188 2773 353 2830 frendentes
362 2778 498 2846 premunt
507 2775 611 2832 rudere
622 2776 789 2832 barbaricas
800 2776 945 2848 sequelae.
1001 2778 1048 2834 his
1064 2781 1177 2850 partem
1185 2791 1285 2832 secum
1295 2791 1369 2848 ques
1378 2772 1488 2844 stipant
1497 2767 1660 2826 Nectherici
1672 2769 1824 2838 buteones,

123 2861 288 2916 Fastidiunt
298 2862 368 2933 quid
381 2862 501 2918 reboent
510 2863 750 2937 leges‚etsrigore
765 2866 810 2922 sui
821 2866 947 2921 barritus
1001 2882 1127 2938 quorum
1140 2864 1295 2937 plaudente
1305 2859 1633 2929 caterva,mueissonem
1645 2857 1747 2913 audies
1758 2856 1826 2912 velit

123 2950 313 3022 perterritant
321 2950 510 3006 subditos.l]t
520 2952 784 3025 primumgaudent
795 2956 947 3010 traducere
1002 2955 1027 3010 si
1042 2954 1161 3026 opipare
1176 2969 1243 3008 eum
1269 2951 1341 3024 ipsis
1356 2948 1487 3005 obsoleta
1501 2946 1620 3003 veritate
1644 2946 1780 3016 prolerre.
1802 2945 1824 3000 0

123 3055 262 3112 pompam
278 3037 388 3111 ignotis
404 3040 600 3106 successibus,
617 3045 650 3096 ut
664 3059 731 3098 vcro
747 3042 886 3114 eoepcrint
901 3043 946 3098 in·
1001 3049 1133 3115 tempora
1149 3060 1212 3114 quia
1228 3040 1341 3096 nullum
1353 3037 1495 3094 celebrem
1509 3035 1679 3109 protrahilis
1695 3035 1728 3089 ad
1743 3034 1825 3105 judi-

123 3128 235 3201 spiccre
249 3143 345 3183 mores
359 3128 478 3183 lortanae
491 3127 558 3185 licet
570 3129 639 3185 loris
650 3131 841 3202 perendinaut
851 3148 946 3200 curas,
1002 3150 1064 3188 cem
1077 3137 1105 3187 et
1119 3131 1258 3186 insistant
1272 3127 1384 3183 rustici.
1402 3125 1506 3182 Recolo
1523 3124 1680 3188 busticeta,
1698 3124 1748 3177 aed
1766 3139 1823 3177 non

123 3218 173 3273 sed
189 3215 295 3273 vulnus
310 3215 484 3288 inspiciatur
508 3219 562 3273 sub
579 3223 702 3290 pectore.
719 3220 765 3275 Sic
789 3226 945 3294 postquam
961 3205 983 3272 C
1002 3237 1145 3295 propense
1161 3217 1307 3281 consules,
1323 3216 1425 3288 quales
1440 3215 1513 3269 istos
1524 3212 1573 3284 qui
1585 3212 1626 3267 sio
1641 3211 1825 3283 prospiciunt

123 3322 155 3362 ae
171 3306 275 3361 dedere
300 3305 389 3376 quieti
406 3305 473 3361 altis
488 3305 632 3363 lulcribus
647 3313 716 3364 tunc
730 3315 759 3364 et
781 3309 947 3381 suscipiunt
1000 3313 1106 3366 cuncta
1117 3308 1223 3362 librare
1234 3306 1370 3361 secundis
1382 3299 1734 3372 r·ebus,dumpertrahunt
1745 3316 1823 3371 sym-

122 3394 310 3466 etephadium
321 3393 377 3448 sub
388 3394 435 3449 die
450 3398 479 3450 et
494 3395 850 3469 frequentautclypsidras
862 3398 946 3454 lucu·
1001 3399 1120 3471 phosias
1130 3397 1241 3452 musica
1252 3411 1301 3468 per
1317 3394 1418 3448 urbem
1429 3389 1555 3447 modulis
1566 3390 1676 3457 inllata,
1687 3392 1714 3443 rt
1724 3405 1824 3459 reper-

123 3483 174 3538 bre
190 3488 218 3538 et
232 3483 257 3537 si
273 3482 376 3538 fallant
387 3483 598 3540 metirihnimi
615 3485 737 3542 lluetant
751 3486 798 3542 hie
811 3488 882 3542 dum
899 3488 946 3543 in·
1000 3504 1098 3552 cussa,
1114 3497 1142 3543 et
1158 3485 1274 3558 pulsata
1289 3481 1436 3554 proruptis
1447 3480 1563 3543 tidibus,
1575 3478 1641 3533 inde
1656 3477 1824 3549 sudpeditat

122 3574 212 3626 sueta
228 3569 382 3638 rimantur,
399 3571 528 3627 lurtuitae
550 3589 627 3627 nune
642 3590 722 3645 opes,
740 3591 817 3630 nunc
841 3580 870 3630 et
886 3578 944 3630 rui·
1000 3592 1107 3632 canora
1128 3591 1192 3631 vox.
1210 3571 1295 3628 latria
1320 3572 1370 3626 dat
1393 3570 1487 3624 saltus
1503 3567 1647 3640 pincerne
1672 3565 1825 3638 invigilant

122 3675 191 3714 nam
207 3664 348 3731 expavent
366 3659 455 3732 degra
469 3660 626 3733 Principis,
641 3664 673 3716 ut
698 3663 822 3719 docuere
836 3681 945 3736 praece-
1000 3664 1142 3738 perpatim
1158 3661 1245 3718 sirnul
1262 3660 1440 3716 contundere
1464 3658 1601 3712 del'aecata
1614 3655 1682 3709 vina
1697 3657 1822 3719 nectare,

122 3749 225 3803 dentes
239 3748 310 3803 dum
332 3747 482 3804 crederent
496 3749 697 3821 tranquillam.
714 3752 795 3816 Quod
820 3769 873 3808 nec
888 3753 945 3808 du·
999 3762 1028 3810 et
1043 3753 1212 3809 ministrant
1226 3750 1347 3816 celiam,
1361 3753 1389 3804 et
1404 3748 1528 3803 siceram
1545 3749 1577 3800 ut
1592 3744 1694 3816 sugent
1709 3759 1822 3814 parcos,

122 3841 193 3891 eunt
207 3835 360 3903 veniabile,
376 3853 429 3892 nec
445 3836 524 3892 ullus
539 3839 644 3893 modus
665 3845 784 3895 excusat
799 3842 946 3912 preterire
1000 3848 1029 3898 et
1044 3841 1188 3898 resolvant
1210 3836 1369 3895 temulenta
1393 3851 1532 3907 eorpora;
1557 3833 1612 3888 heu
1635 3831 1822 3903 prodentium

74 3942 81 3955 ¹
123 3924 326 3998 dumquaeqne
339 3926 742 4000 servitusexcutiturabipsis
756 3929 947 3985 utabimme·
999 3931 1069 3987 hinc
1086 3930 1178 3986 nefas.
1195 3926 1249 3992 Qui
1273 3927 1460 3998 perstrepunt
1485 3937 1601 3993 quoquo
1627 3918 1752 3992 petulcis
1772 3935 1822 3974 ea-

122 4012 188 4068 ritis
203 4012 322 4079 villicis,
336 4018 365 4069 et
389 4015 537 4070 neminem
560 4021 680 4072 excusat
695 4016 762 4072 inde
786 4019 945 4074 auctoritas
1000 4020 1126 4088 chionis,
1139 4022 1167 4073 et
1182 4021 1284 4071 mutuo
1297 4013 1441 4084 instigant
1456 4027 1519 4066 sese
1534 4007 1688 4078 jaculando
1698 4005 1822 4062 lascivas

121 4100 200 4157 sedis
223 4118 276 4157 suo
301 4107 447 4174 respectu,
463 4119 516 4160 neo
540 4104 613 4160 doxa
632 4105 713 4178 lugat
737 4106 944 4162 contumeliam
1000 4107 1132 4165 fabellas.
1149 4106 1230 4161 Tunc
1245 4103 1387 4159 illecebra
1409 4100 1570 4171 suggerunt
1585 4100 1686 4166 stupra
1701 4098 1729 4149 et
1744 4095 1821 4150 ince-

121 4206 196 4262 qucs
210 4190 337 4263 dignitas
352 4195 380 4247 et
395 4192 516 4265 eulogia
531 4192 944 4264 priscorumcalatoaeathale·
1000 4202 1062 4264 sta;
1079 4202 1107 4252 et
1120 4194 1195 4250 servi
1221 4189 1424 4263 morigerando
1448 4185 1576 4242 dominis
1599 4186 1770 4255 pernoctant
1791 4182 1821 4237 in

121 4277 167 4352 gis
182 4280 340 4335 retardant.
357 4279 387 4335 Si
402 4281 483 4354 origo
502 4282 583 4338 dedit
597 4298 707 4338 navum
734 4288 837 4356 parant
852 4285 944 4340 obdu·
999 4286 1046 4342 his
1060 4285 1289 4355 circumquaque
1303 4277 1489 4335 bacchantes.

122 4383 187 4424 cere
202 4373 230 4424 et
243 4369 369 4425 emicare
384 4367 481 4425 solum
506 4370 541 4426 de
556 4375 693 4443 suscepta
716 4371 869 4444 dignitate.
886 4373 944 4428 Hoc
1034 4374 1089 4429 Sed
1102 4389 1155 4428 nec
1166 4374 1303 4444 poterunt
1316 4365 1482 4438 diuperlrui
1494 4363 1540 4419 his
1552 4363 1614 4418 sine
1624 4360 1685 4416 zelo
1696 4359 1821 4430 alicujus

121 4454 276 4512 stimulant
290 4473 364 4513 sese.
381 4458 436 4514 Sed
453 4459 524 4514 dum
539 4458 717 4516 conscientia
731 4465 815 4516 vexat
830 4462 944 4518 animos
999 4479 1066 4518 eum
1078 4462 1137 4517 sint
1148 4476 1231 4532 peres
1242 4457 1354 4514 crateris
1365 4448 1743 4524 ordine,ettantadignitate
1752 4465 1821 4520 prae·

122 4543 275 4616 degeneris
290 4546 460 4619 propaginis
475 4564 549 4618 quos
574 4546 683 4603 arctius
699 4548 830 4621 implicat
851 4556 944 4605 terror
958 4565 982 4631 Ι)
998 4550 1140 4625 polleant;
1151 4548 1310 4604 uamlabor
1321 4539 1681 4606 concordiam,dissidium
1693 4534 1821 4591 insolen-

121 4631 272 4687 rerolvunt
288 4650 439 4705 procacem
451 4636 614 4709 dominum,
627 4642 655 4692 et
665 4642 823 4694 retractant
833 4639 940 4710 praede·
997 4641 1068 4696 tiam
1085 4642 1209 4710 parat,et
1224 4638 1351 4691 minores
1368 4631 1503 4688 semotim
1520 4626 1682 4684 accelerant
1694 4623 1776 4679 unire
1789 4639 1821 4679 se

121 4734 252 4775 cessores
267 4726 296 4775 et
319 4721 454 4778 consules
479 4728 508 4778 et
531 4723 721 4795 speculantur
744 4743 865 4798 pervasa
880 4743 943 4798 qus
999 4713 1819 4801 pariterinjuriamaj0rum‚etcausanturdeberisibiplu-

121 4807 338 4880 subegeruntet
352 4814 488 4865 metuunt
502 4810 664 4868 exireundc
679 4823 842 4885 poscuntse
858 4816 943 4870 seda·
999 4834 1108 4889 caque
1120 4815 1245 4871 retinent
1256 4817 1284 4868 et
1294 4804 1668 4882 castigantexequanda.ili
1679 4805 1820 4875 superant

120 4893 196 4952 les...
214 4897 321 4953 minaei
337 4898 495 4969 perficitur.
509 4904 583 4955 Dum
593 4901 657 4979 jam
673 4901 787 4958 diutina
802 4903 945 4960 securitas
998 4905 1207 4978 agminibus‚et
1214 4899 1472 4957 lervetvirtusteto
1481 4893 1658 4951 roborantis
1670 4893 1746 4964 viget
1757 4906 1818 4945 ma·

121 4985 237 5040 incaute
257 4991 422 5059 preparant
436 4986 563 5060 lapsum,
581 4992 613 5043 ut
637 4989 722 5061 fingit
736 4989 883 5046 didascale
898 5007 943 5048 se·
998 4994 1091 5049 turior
1102 5008 1217 5061 sensus,
1229 4995 1257 5045 et
1268 4987 1411 5045 excellunt
1420 4982 1721 5058 opibusetfirmantur
1731 4977 1821 5035 subli-

119 5074 187 5130 ries.
203 5075 260 5130 Nec
275 5074 460 5137 eaelueidaut
482 5080 634 5149 compacta
650 5077 719 5133 dum
736 5078 772 5133 ad
788 5095 880 5134 unum
896 5096 943 5135 eo·
1000 5082 1100 5137 mitate
1113 5079 1265 5135 moenium.
1277 5078 1332 5133 Sed
1348 5083 1444 5132 mmen
1456 5073 1642 5131 considerant
1656 5067 1818 5123 invalidum

120 5167 191 5244 gant
205 5163 236 5219 in
259 5163 388 5237 glomere
411 5165 547 5222 inductos
572 5165 689 5235 milites,
707 5173 740 5222 ut
764 5167 804 5222 sit
827 5168 944 5242 nequis
998 5187 1063 5226 esse
1072 5171 1241 5240 extinguere
1256 5166 1332 5238 quod
1344 5163 1446 5221 ebullit
1463 5163 1491 5217 ni
1508 5163 1638 5216 statuant
1654 5155 1818 5225 Principem

120 5255 231 5324 querat
246 5251 387 5308 obsistere
402 5270 439 5310 ne
453 5252 559 5311 exulat.
999 5259 1055 5316 sub
1067 5274 1135 5330 quo,
1153 5261 1201 5313 sed
1219 5259 1402 5311 recusantes
1418 5255 1554 5306 statuere.
1571 5246 1701 5300 Tandem
1717 5242 1819 5298 ineunt

156 5339 230 5394 'lum
247 5356 306 5395 una
320 5340 391 5396 faeie
415 5346 611 5414 prorumpunt
633 5342 768 5399 incusare
783 5345 882 5400 decem
898 5346 944 5401 cui
998 5346 1153 5403 eonsilium
1169 5341 1394 5417 preponeresibi
1409 5338 1617 5406 stolidum‚per
1631 5347 1717 5402 quem
1732 5331 1818 5402 peril·

121 5426 436 5498 indulgent,etcastam
453 5431 539 5485 tidem
552 5436 670 5486 servant
682 5433 706 5486 si
723 5432 789 5487 licet
800 5435 942 5490 recedere.
999 5436 1078 5489 ciant
1094 5451 1157 5506 qua
1173 5437 1242 5488 sunt
1266 5429 1429 5493 commoda,
1446 5423 1495 5495 qui
1512 5438 1563 5476 nec
1579 5422 1737 5493 presumat
1752 5419 1818 5475 illos

122 5520 215 5584 Quem
231 5514 309 5572 enim
326 5517 351 5573 si
365 5517 438 5573 iorte
453 5523 581 5591 opponat
590 5518 759 5592 lentiginem
771 5522 888 5594 popule,
901 5524 943 5580 vel
999 5525 1157 5597 quiequam
1167 5517 1362 5593 inquirerevcl
1373 5508 1819 5582 recusare,quematiamcogunt

121 5604 148 5664 si
164 5605 373 5664 immurmuret
387 5605 543 5666 rineilibus
566 5608 741 5683 compellent
755 5627 944 5685 compensare
997 5614 1060 5673 haec
1073 5617 1183 5671 textare
1198 5627 1248 5684 per
1262 5607 1361 5666 divina
1375 5619 1458 5661 sacra
1471 5601 1631 5659 incassum.
1643 5599 1728 5670 Nam,
1739 5611 1819 5655 oum·
