3908 6096
131 258 191 317 679

638 251 806 314 aurosis
829 250 1120 314 venustissimis
1141 252 1318 314 EPlSCOPl

1774 251 1837 317 680

130 389 186 445 hoe
201 387 312 455 indicit,
328 384 396 457 quia
410 386 508 455 spreto
522 382 584 438 viro
599 383 689 439 Deum
705 383 803 456 elegit,
824 383 870 440 cui
886 400 948 439 ser·
963 386 991 451 Α
1006 401 1058 439 noc
1074 386 1109 439 ad
1127 385 1240 439 trentam
1256 384 1341 440 debet
1355 382 1510 456 pertinere,
1526 383 1596 457 quie
1609 383 1775 458 primordio
1793 385 1838 441 in·

130 479 189 534 viat
202 482 261 533 tota
276 479 373 530 mente
389 477 507 546 propter
529 472 617 528 vitem
634 471 820 543 promissam.
841 475 878 527 Et
892 473 951 530 facee

127 567 294 639 precipue
302 561 553 634 irreprehensibiles
561 561 757 616 sint.Tantum
767 560 949 633 diligentiam

129 659 248 711 actuum
263 669 296 708 ae
321 668 436 708 morum
452 649 573 705 viduam
591 648 652 704 vult
666 648 784 718 habere,
798 655 831 705 ut
845 665 944 721 repre·

129 742 216 800 bendi
231 758 288 798 non
302 742 404 814 pessit.
416 742 520 794 Amata
530 737 608 793 enim
620 754 637 793 s
647 754 698 809 spe
709 738 864 794 mundaum
880 754 948 794 eon·

127 831 312 897 versationis,
328 836 356 886 et
371 828 500 900 eorporis
515 826 634 882 curandi
647 826 753 891 efficio,
770 826 948 898 propterhoe

127 936 159 977 se
174 920 209 977 ad
226 920 318 977 licum
338 917 471 985 contulit,
501 923 533 971 ut
556 914 737 987 probabilem
753 919 819 987 agat
846 914 946 970 vitam.

128 1007 257 1066 Sublatis
272 1007 349 1064 enim
365 1005 578 1072 occasionibus,
591 1004 760 1076 quaeeditus
775 1003 869 1059 solent
880 1021 946 1074 ape-

127 1098 185 1155 rlro
203 1097 338 1171 peccatis,
355 1099 450 1168 potest
476 1096 552 1150 bona
581 1093 762 1149 conversatio
789 1091 947 1148 incolumis

126 1200 306 1259 permanere.

162 1275 192 1330 Si
203 1276 263 1346 quis
276 1277 368 1329 eutem
377 1287 489 1328 suornm
502 1277 528 1325 et
539 1271 664 1326 maxime
677 1268 884 1325 domesticorum
898 1285 947 1323 cu-

125 1381 188 1420 rem
200 1379 255 1419 non
270 1360 360 1429 tebet,
371 1362 457 1432 fidon
470 1359 590 1428 uenerit,
602 1362 628 1414 et
642 1365 679 1414 est
694 1357 800 1427 infideli
813 1356 944 1414 deterior.

125 1451 205 1508 Hauc
221 1451 416 1520 viduamque
428 1446 578 1520 negligens
587 1446 641 1501 fuit
651 1446 728 1502 circa
738 1462 807 1501 suos
816 1446 945 1512 allectos,

126 1545 159 1594 ut
173 1540 310 1595 educaret
329 1555 378 1594 eos
389 1538 418 1593 in
434 1535 619 1608 dIseiplinam
630 1534 878 1606 eteorrcptionem
891 1535 945 1589 Do·

127 1627 450 1695 mini,inhonerandsm
461 1624 642 1698 ll30fildicit,
659 1623 815 1695 quiasicut
831 1622 944 1695 perfidi,

1005 473 1099 529 fldelis
1116 474 1252 529 inventus
1268 478 1322 529 est.

1040 562 1129 618 Simul
1151 570 1242 619 eutem
1267 562 1371 633 (1308),
1396 566 1423 618 et
1446 563 1551 633 otiosae,
1574 562 1687 619 discunt
1709 565 1836 622 eircum-

1004 654 1045 705 r're
1067 651 1167 718 domos,
1198 667 1252 707 nen
1280 652 1369 707 solurn
1392 654 1486 706 eutem
1513 652 1613 719 otiosae,
1640 652 1690 709 sed
1716 657 1744 709 et
1773 670 1836 711 ver·

1004 741 1110 796 tosaeet
1123 742 1251 808 curione,
1278 741 1417 812 loquentes
1443 756 1504 812 quse
1529 756 1585 797 nou
1616 749 1731 812 oportet.
1765 743 1837 809 Qus

1003 829 1069 883 dam
1086 828 1213 900 virgines
1229 835 1257 884 et
1275 829 1379 896 vidue,
1406 830 1629 887 commendante
1642 831 1835 902 professione

1001 917 1174 989 (gloriosum
1189 922 1234 973 est
1249 917 1326 972 enim
1342 918 1432 989 hujus
1448 917 1488 973 rei
1502 918 1837 993 voeabulumlscespts·

1002 1005 1075 1061 biles
1088 1011 1158 1061 sunt
1172 1005 1309 1062 domibus
1324 1005 1464 1073 divitum;
1479 1023 1544 1079 quae
1565 1008 1594 1062 id
1611 1014 1717 1081 agunt,
1734 1013 1772 1066 ut
1783 1027 1835 1084 ps·

1001 1099 1084 1149 reaat
1098 1093 1295 1151 voluntatibus
1308 1111 1402 1162 erum,
1417 1095 1606 1155 ambulantes
1617 1102 1646 1153 et
1660 1105 1835 1170 querentes

1002 1199 1065 1255 que
1081 1183 1272 1256 perferentad
1288 1183 1678 1258 illos‚quibusdeleetentur,
1690 1187 1835 1245 utotiose

1001 1271 1173 1328 muneribus
1184 1272 1360 1343 afficiantur,
1376 1277 1405 1328 et
1419 1272 1496 1329 malo
1512 1290 1592 1331 mere
1609 1274 1680 1346 plus
1696 1281 1836 1348 quaerant

1001 1360 1212 1433 fabulisquem
1229 1378 1292 1433 quea
1321 1365 1479 1433 operentur
1508 1363 1659 1433 manibus,
1688 1370 1725 1421 ut
1751 1364 1834 1423 elatee

1000 1449 1159 1521 procedant
1169 1455 1198 1505 et
1208 1449 1389 1522 compositae,
1401 1454 1503 1507 eontra
1513 1452 1734 1523 professionem
1746 1470 1834 1512 suam

1000 1542 1129 1612 agentes.
1159 1540 1227 1602 uua
1243 1556 1288 1595 res
1318 1537 1412 1595 solent
1440 1538 1619 1599 illisstiam
1645 1540 1677 1597 iu
1700 1542 1834 1600 haesita

1000 1644 1064 1684 esse
1088 1627 1250 1684 cerrtrariae,
1280 1626 1435 1684 Revelatur
1460 1628 1538 1685 enim
1569 1628 1599 1687 id
1613 1629 1695 1703 quod
1712 1645 1834 1704 semper

13 3896 17 3904 .
118 3847 229 3904 deliciis
239 3846 330 3904 vitem
346 3861 441 3918 agere,
469 3843 589 3899 minime
609 3841 750 3898 innocens
765 3844 938 3913 perseverat.

124 1716 180 1791 legi
195 1717 243 1774 Dei
259 1733 316 1772 uon
338 1715 473 1772 obedivit.
501 1712 537 1769 Ut
553 1714 634 1786 pejor
659 1712 803 1768 habeatur
826 1727 946 1769 necesse
1001 1716 1149 1772 occultum
1165 1719 1279 1788 putant.
1294 1715 1368 1779 Quid
1391 1713 1541 1790 estasim,
1557 1722 1589 1773 ut
1616 1734 1653 1774 ea
1668 1717 1832 1792 loquantur

125 1810 179 1874 est,
194 1805 244 1880 qui
265 1806 321 1861 sub
337 1804 399 1875 lege
411 1808 439 1860 et
461 1802 565 1858 timore
590 1801 640 1856 Dei
655 1817 746 1874 egeus
762 1805 948 1873 contemptor
1001 1821 1067 1877 quae
1083 1822 1140 1862 uon
1155 1804 1286 1877 oportet!
1305 1804 1480 1877 Nuptiarum
1495 1805 1573 1863 enirn
1590 1811 1661 1863 suut
1675 1807 1830 1880 proximas,

124 1899 178 1963 est,
195 1911 283 1967 quam
293 1893 342 1965 qui
358 1910 415 1948 non
427 1892 578 1963 subjectus
588 1893 634 1946 est
644 1889 711 1961 legi.
723 1889 776 1944 llio
786 1888 864 1944 euim
881 1905 945 1945 nes·
1001 1894 1161 1949 multorum
1176 1896 1354 1950 secretorum
1369 1893 1536 1967 pertisipes,
1555 1894 1756 1965 adrrlstrices‚
1772 1914 1830 1955 ser·

124 1984 182 2052 cit;
199 1983 247 2039 ille
262 1987 358 2038 autem
374 1979 544 2037 contemnit.
1002 1999 1102 2037 vorum
1120 1981 1260 2054 querula.

161 2072 246 2129 Viduo
274 2072 397 2143 eligetur
426 2085 562 2126 annorum
585 2084 641 2123 nen
668 2070 762 2122 misius
789 2067 945 2136 sexaginte,
1037 2072 1102 2128 Veto
1117 2073 1212 2142 itaque
1221 2071 1349 2142 juniores
1362 2072 1473 2144 nutus,
1488 2073 1560 2143 filies
1582 2090 1753 2146 procreare.
1776 2093 1819 2134 ma

121 2164 208 2218 unius
231 2162 287 2217 cerr·
308 2176 379 2216 uror
402 2158 505 2231 (1307),
522 2160 551 2212 in
579 2157 706 2228 sperabas
722 2157 797 2212 terris
822 2158 943 2212 testimo·
1000 2161 1179 2232 trfsfemilius
1188 2160 1319 2217 esse.lloc
1331 2163 1376 2216 est
1385 2161 1463 2216 enim
1474 2177 1573 2234 regere
1583 2162 1710 2221 domum
1723 2165 1829 2239 (1300),

122 2253 202 2306 nium
216 2250 327 2314 000101,
344 2250 370 2304 0
393 2246 468 2316 0003
495 2246 639 2312 multivii»
654 2247 680 2300 Si
704 2244 820 2317 hospilio
834 2246 943 2315 recepit,
999 2250 1111 2306 Nullum
1125 2248 1378 2317 ,eecesr'onemdere
1391 2248 1548 2308 macereris
1563 2252 1712 2310 maledieti
1725 2257 1828 2327 prode.

121 2341 148 2396 si
170 2347 327 2395 senatorem
338 2335 417 2408 pedes
442 2336 518 2402 tavit,
551 2335 577 2389 si
598 2350 757 2405 pressurum
779 2334 945 2405 petientibus
997 2341 1059 2395 tem
1073 2341 1147 2394 enirn
1160 2338 1283 2409 quedem
1297 2338 1492 2397 deerraverunt
1502 2348 1564 2414 post
1578 2341 1738 2401 suanam:
1755 2346 1829 2412 ouo·

78 2493 81 2500 ¹
122 2427 352 2494 subministravit,
367 2427 393 2480 si
406 2440 486 2491 enarre
500 2440 565 2495 opus
582 2422 680 2478 bonurn
694 2422 836 2478 subsecuta
850 2426 899 2478 est.
914 2421 944 2477 Sl
999 2429 1089 2499 niam,
1106 2445 1169 2500 quse
1183 2444 1272 2499 supra
1286 2427 1361 2482 dixit
1383 2428 1419 2485 de
1434 2429 1617 2502 hujusmodi,
1634 2434 1828 2490 contrarierat

122 2515 311 2590 prerogativa
327 2513 537 2586 praeteritorum
552 2528 673 2583 operum
694 2511 781 2567 viduo
796 2526 943 2566 commen·
998 2518 1187 2583 illinitasunt,
1205 2517 1422 2589 perducentem
1434 2519 1470 2575 nd
1486 2523 1620 2576 mortam,
1634 2520 1753 2579 Idcirco
1765 2539 1827 2580 eon·

122 2607 218 2673 datur,
234 2604 397 2676 eligendam
413 2603 488 2658 hane
503 2601 596 2656 docet·
609 2599 724 2655 Domini
747 2599 824 2654 enirn
836 2598 943 2670 judiei-
998 2607 1098 2663 gitium
1111 2605 1527 2680 daterpraessipjieafigpiquae
1538 2607 1712 2667 pegasum·
1724 2611 1827 2668 Melius

123 2696 166 2750 cie
193 2693 348 2750 ascribitur
372 2707 477 2747 nomon
516 2690 580 2760 ejus
610 2687 815 2744 ecelesiasticis
840 2703 943 2742 monu-
998 2698 1042 2750 est
1057 2694 1134 2750 enim
1150 2695 1256 2750 ,tomus
1271 2712 1330 2749 ⁸11ae
1350 2711 1450 2751 curam
1470 2711 1569 2767 gerere
1580 2712 1670 2768 qum
1682 2698 1717 2754 in
1734 2698 1826 2757 ,pem

123 2783 241 2852 mentis,
257 2798 344 2853 quam
367 2780 487 2852 dignam
501 2784 584 2835 vetus
601 2776 660 2832 vite
674 2775 812 2833 declarat.
831 2776 945 2831 lmbuts
997 2785 1084 2840 domo
1095 2782 1218 2840 adulari.
1234 2784 1268 2839 Et
1280 2782 1406 2840 multum
1420 2784 1536 2856 expedit
1545 2786 1656 2842 nubere
1666 2802 1763 2859 quam
1772 2789 1825 2845 snb

122 2873 200 2928 flfllm
215 2869 321 2927 diVisslS
341 2866 490 2940 ⁰¹l⁸elluiis
514 2872 542 2922 θῑ
557 2868 586 2921 ῑῦ
610 2866 699 2923 Vitam
721 2871 859 2933 ditemus,
874 2882 943 2921 ⁵118·
997 2874 1074 2930 boun
1095 2878 1123 2929 et
1138 2872 1185 2944 pia
1205 2872 1384 2945 professione
1412 2872 1549 2930 nobiliter
1577 2875 1730 2934 insedere.
1759 2878 1825 2935 Plus

122 2960 257 3034 cipieada
271 2964 315 3016 est
330 2959 359 3013 in
375 2958 441 3014 sinu
459 2955 590 3012 Ecclesiae
605 2955 656 3027 qui
672 2954 741 3011 olim
767 2971 798 3009 se
812 2953 888 3010 vovit
902 2953 942 3008 le·
997 2965 1094 3015 nutem
1111 2963 1154 3015 ast
1178 2975 1246 3014 cum
1271 2959 1382 3031 pudore
1403 2959 1540 3016 manibus
1556 2960 1667 3020 metum
1693 2981 1825 3036 queram

122 3049 234 3122 gillfflis
249 3046 385 3104 serviliis·
998 3064 1085 3120 quam
1115 3048 1310 3103 inverecunde
1325 3064 1392 3103 cum
1407 3048 1466 3105 otio
1491 3048 1585 3106 aliena
1614 3053 1759 3111 utensilia
1783 3071 1825 3113 es·

155 3138 283 3195 iuniores
306 3141 402 3192 eutem
426 3133 522 3190 viduus
540 3132 639 3188 devite.
667 3131 735 3187 Cum
750 3132 824 3186 enim
838 3133 868 3187 in
893 3130 941 3188 de·
957 3117 978 3185 C
997 3142 1138 3210 spectare.
1154 3137 1201 3193 Sic
1212 3137 1289 3193 enim
1300 3136 1410 3194 invenit
1420 3139 1601 3196 occasionem
1611 3140 1742 3199 &tanam
1753 3160 1823 3217 que

120 3228 193 3283 liciis
216 3226 332 3298 egerint,
362 3226 392 3281 in
421 3223 526 3281 Cltrtste
554 3223 656 3278 nubere
679 3222 783 3278 volunt.
806 3220 942 3277 Prohibet
997 3228 1083 3283 modo
1102 3227 1677 3300 subvertetanimasineonsultas,eum
1694 3232 1822 3306 piapro-

120 3314 351 3373 adulescentulas
376 3312 480 3369 viduas
496 3311 526 3366 in
546 3310 600 3368 hac
624 3310 735 3383 suscipi
750 3309 941 3382 professione.
996 3316 1112 3372 suentes
1127 3315 1236 3386 injuste
1249 3320 1413 3372 versantur.
1429 3315 1508 3372 Nihil
1525 3317 1604 3375 euim
1629 3323 1693 3379 tam
1711 3322 1821 3393 perien-

120 3405 249 3460 Lubrieae
269 3404 347 3459 enim
372 3402 447 3457 etati
465 3399 635 3455 ssdesfacile
656 3397 940 3469 haberinondebet,
995 3403 1091 3458 losum
1121 3407 1165 3458 est
1192 3419 1279 3474 quam
1303 3403 1327 3460 si
1354 3403 1529 3476 professioni
1545 3409 1629 3479 gesta
1644 3415 1821 3483 repugnent.

119 3492 227 3565 quippe
242 3508 309 3547 cum
325 3489 519 3561 quarumdam
539 3485 671 3559 exemplu
686 3486 860 3558 prunedum,
877 3502 940 3555 quae
996 3498 1135 3563 Apertum
1151 3491 1229 3547 enim
1255 3497 1367 3548 motum
1384 3510 1442 3550 non
1465 3493 1579 3551 zelatur
1598 3496 1741 3568 Satanas,
1756 3499 1822 3573 quis

119 3584 185 3654 post
210 3579 420 3652 professionem
442 3576 518 3641 vita,
541 3573 712 3631 deliciarum
737 3572 939 3640 oblectatione,
995 3580 1102 3653 gaudet
1118 3579 1146 3635 in
1172 3578 1240 3647 ill0;
1256 3579 1346 3635 istum
1362 3596 1439 3648 vero,
1464 3598 1553 3654 quem
1568 3581 1645 3641 videt
1664 3584 1780 3654 fallere,
1793 3585 1821 3642 id

119 3685 237 3737 nomen,
252 3685 311 3724 non
336 3682 424 3739 opere
437 3663 589 3720 viduitatis
608 3662 727 3730 habeut,
743 3666 771 3717 et
797 3678 940 3717 conversas
995 3673 1062 3740 aget
1077 3672 1108 3722 ut
1132 3667 1299 3724 manifestet
1319 3667 1404 3724 illurn
1419 3685 1508 3724 snum
1536 3669 1630 3727 lilium
1656 3688 1737 3744 essa,
1763 3691 1820 3732 noa

118 3757 230 3831 nuptiis
246 3755 452 3813 sollicitantur,
469 3752 523 3820 Qui
538 3751 616 3809 euim
632 3755 715 3824 putat
736 3767 767 3806 se
782 3751 811 3806 in
826 3751 940 3807 Christo
995 3758 1059 3826 Dci;
1077 3757 1155 3829 quod
1172 3756 1280 3812 factum
1294 3772 1352 3813 nou
1368 3757 1504 3830 displicet
1518 3763 1586 3816 Deo.

1029 3848 1139 3920 Siquis
1163 3845 1264 3917 fidelis,
1294 3845 1339 3903 nel
1352 3850 1378 3903 si
1400 3864 1455 3921 que
1480 3848 1571 3919 tidelis
1600 3849 1683 3906 tebet
1711 3853 1818 3922 viduos,

117 3936 243 3993 Luxuria
257 3935 336 3992 enim
349 3933 439 3990 trahil
453 3931 537 3988 illum
553 3931 589 3987 fid
606 3947 661 3986 ⁸11⁸
671 3930 814 3995 membra·
826 3934 858 3985 ul
873 3929 940 3985 sub·
994 3937 1161 4008 sufficienter
1174 3936 1362 3992 subministret
1384 3937 1452 4004 iltis,
1468 3941 1498 3992 ut
1511 3955 1568 3994 uon
1582 3947 1717 4008 ureretur
1730 3943 1818 3999 Exte-

112 4025 233 4097 jieiatur
248 4028 374 4097 peccato.
390 4022 504 4078 Deliciae
519 4021 597 4078 enim
618 4022 711 4092 janua
734 4023 804 4076 sunt
819 4019 938 4091 peccati.
993 4028 1046 4093 sin,
1063 4029 1092 4081 nt
1105 4026 1179 4081 vena
1193 4024 1284 4081 viduis
1299 4024 1429 4096 sufficiat,
1441 4026 1517 4091 Quid
1533 4027 1642 4084 mirum
1656 4029 1683 4085 gi
1702 4037 1816 4104 aposto.

116 4119 180 4171 Non
196 4113 275 4170 enim
289 4129 346 4186 quo
360 4112 462 4169 tendat
481 4111 644 4183 ignoratur,
660 4112 711 4180 qut
725 4107 846 4163 fluidam
861 4111 941 4163 amnt
995 4113 1052 4170 lica
1065 4118 1192 4186 potestas
1207 4114 1307 4169 futura
1318 4114 1412 4186 potuit
1422 4114 1601 4187 previderat
1614 4120 1821 4194 namapparet

115 4205 217 4260 vitam.
995 4203 1073 4275 quod
1088 4203 1171 4269 dixit,
1187 4202 1257 4273 quia
1271 4202 1403 4258 fidelium
1416 4203 1511 4260 vidue
1523 4205 1740 4264 uuncmultnm
1754 4225 1819 4283 gra-

152 4293 294 4347 llebentes
307 4291 525 4360 uernnotieuem,
542 4289 609 4360 quie
626 4289 746 4358 prieneus
760 4286 848 4357 fidem
872 4285 940 4340 r'rri·
993 4295 1064 4347 vant
1079 4289 1249 4362 Ecclesiam,
1265 4294 1293 4347 et
1307 4307 1419 4360 sorum,
1438 4293 1490 4364 qui
1506 4292 1666 4366 locupletes
1682 4295 1820 4354 videntur

115 4385 319 4451 1010101100-
353 4379 426 4446 Quid
446 4381 563 4434 1000001
581 4375 818 4443 0180080000,
848 4390 884 4429 ne
902 4374 940 4429 fu·
994 4380 1107 4449 mundi,
1124 4383 1217 4452 siper
1245 4379 1403 4435 senectutis
1427 4397 1546 4437 causam
1569 4381 1750 4441 desistentes
1771 4401 1819 4443 ess

116 4469 171 4527 0510
199 4471 336 4537 audeant.
359 4468 436 4540 quod
462 4465 584 4538 implere
608 4463 725 4520 difficile
753 4468 807 4533 esi,
837 4467 887 4518 uui
915 4462 1030 4549 siDab
1046 4484 1132 4539 opere
1145 4465 1274 4534 lanificii,
1292 4467 1445 4523 retrahunt
1458 4467 1500 4524 eis
1515 4473 1544 4523 et
1563 4471 1778 4530 vestimentum
1792 4477 1820 4530 et

117 4559 233 4619 enimus
249 4563 293 4615 est
316 4557 384 4613 huie
408 4554 552 4612 devotioni
576 4554 693 4609 deditus
717 4553 794 4625 apud
815 4568 846 4607 se
862 4551 937 4607 inte·
992 4557 1112 4620 victum,
1136 4573 1193 4610 non
1219 4559 1314 4611 tutum
1336 4562 1435 4612 temen
1459 4574 1494 4614 ex
1508 4563 1599 4630 parte,
1625 4563 1658 4614 ut
1681 4559 1740 4618 itta
1756 4562 1820 4635 ipss

116 4649 172 4703 rim
188 4652 295 4719 teneat,
310 4646 381 4719 quie
394 4645 496 4701 didicit
511 4642 701 4700 temerarium
717 4657 781 4697 esse
797 4638 937 4712 profiteri,
992 4645 1091 4716 inopis
1107 4645 1142 4699 ad
1157 4642 1317 4699 Ecclesiam
1337 4649 1545 4702 convertantur
1560 4651 1594 4702 ut
1610 4647 1725 4706 vivent.
1742 4650 1820 4715 Quos

116 4737 193 4810 quod
210 4737 305 4792 adhuc
327 4733 449 4806 juvenili
464 4732 541 4788 atati
553 4730 631 4787 credi
656 4747 712 4785 nen
729 4729 823 4784 debet.
849 4732 937 4783 Dem-
992 4731 1311 4806 oportebatuonselum
1325 4731 1820 4809 suisindigentibuslargiri‚verum

117 4823 228 4881 nationi
256 4824 333 4879 enim
365 4824 397 4878 fit
411 4821 565 4890 obnoxius,
591 4820 640 4891 qui
669 4817 774 4873 abhoc
799 4815 936 4883 declinat,
992 4823 1078 4878 etiam
1095 4820 1167 4876 alias
1183 4820 1283 4895 inopes
1295 4827 1734 4898 pascerentcnntnger03qu0d
1746 4826 1820 4884 mul.

116 4915 195 4988 quod
209 4917 286 4969 nacta
301 4913 417 4968 lacerat.
435 4911 581 4975 Quantum
610 4908 688 4964 enim
714 4905 859 4963 laudabile
883 4909 936 4976 est,
991 4916 1055 4966 turn
1070 4913 1161 4966 obest.
1178 4912 1250 4967 Cum
1266 4911 1342 4966 enirn
1360 4911 1406 4967 nis
1422 4913 1517 4980 datur,
1529 4912 1641 4970 ceteris
1656 4917 1819 4974 autminus

115 5005 141 5061 si
157 5003 277 5076 impleat
296 5002 374 5074 quod
402 4999 478 5056 ultra
506 4999 581 5054 vires
608 5000 672 5069 ejus
697 4996 836 5066 creditur,
858 4998 938 5050 tento
992 5006 1042 5056 aut
1066 5017 1124 5056 noa
1153 5000 1373 5072 datur,quibus
1403 5001 1497 5075 magis
1528 5002 1658 5059 dandum
1682 5011 1738 5074 est,
1756 5022 1819 5079 qua

117 5095 210 5168 magis
227 5091 394 5166 puniendus
408 5089 474 5156 erit,
492 5088 516 5145 si
532 5088 586 5143 hoc
598 5086 705 5143 audeat
716 5085 773 5141 sibi
789 5085 938 5156 imponere
992 5090 1087 5162 digna,
1103 5094 1172 5145 sunt
1183 5088 1316 5145 Ecclesia
1331 5090 1499 5162 sumptibus
1515 5090 1689 5149 ministrari,
1707 5094 1756 5153 510
1770 5112 1819 5153 gu.

116 5185 342 5255 presumptione
356 5179 542 5245 tefflffl'stfliifl»
560 5177 638 5249 qu⁰d
662 5177 808 5231 sfff0¹²⁰ss
835 5172 938 5247 0088ῑο
993 5184 1052 5234 tem
1068 5182 1216 5251 gravatur,
1246 5194 1313 5233 cum
1329 5179 1443 5251 cogitur
1469 5180 1574 5236 vestire
1603 5180 1725 5255 multos,
1755 5201 1817 5259 que

154 5326 253 5396 (1300).
271 5325 397 5380 Verbum
409 5324 485 5386 elicit,
499 5320 576 5392 quod
589 5319 617 5374 iu
630 5319 728 5374 codiee
744 5317 938 5383 desideratur,
1029 5314 1129 5383 (1308).
1148 5313 1179 5366 ln
1196 5313 1259 5368 eorl.
1276 5314 1431 5377 Simultates.
1444 5313 1493 5369 ubi
1511 5329 1564 5369 nos
1578 5314 1718 5389 legimus,
1733 5316 1817 5374 simu

118 5396 285 5450 addendum
300 5413 406 5452 sensus
422 5401 450 5451 et
464 5390 673 5449 ambrosiastri
696 5389 830 5445 Maurina
851 5388 939 5444 editio
994 5392 1097 5440 eastern.

135 5481 249 5522 008006.

152 5534 245 5616 (1507)
260 5535 441 5601 subauditur
457 5541 488 5596 ut
500 5535 530 5594 iu
546 5533 630 5608 Vulg.
645 5546 708 5609 oute
721 5533 814 5607 fuerit.

1029 5456 1120 5529 (1300)
1136 5455 1240 5522 Verba,
1257 5452 1306 5512 liei
1315 5464 1354 5513 est
1366 5457 1441 5513 enim
1454 5472 1547 5531 repere
1559 5457 1683 5530 domum,
1696 5459 1818 5521 Ambro-

994 5527 1100 5585 sisster
1114 5543 1172 5584 noa
1183 5527 1280 5585 habet.
