3908 6096
154 308 192 368 67
662 293 833 357 ardoris
853 292 1147 357 VDRGDLLDNSIS
1169 291 1346 377 ertsuepl
1817 299 1859 359 68

153 438 307 508 liriqnentes
321 441 412 489 anum
440 447 536 489 coram
562 428 688 486 omnibns
714 441 803 500 arpne
830 428 860 481 nt
881 427 975 481 caeteri
990 428 1018 493 Α
1032 423 1384 480 advsreusauctoritatem
1397 422 1507 496 proprii
1535 422 1664 496 episcopi
1691 427 1857 499 contraius

154 530 257 582 metam
270 523 388 580 labeant
417 523 439 594 (l
470 522 536 577 Tim.
564 536 592 585 v,
620 517 674 585 19).
702 515 765 571 Non
788 514 866 571 enim
893 513 976 570 facile
1032 513 1088 585 (43)
1099 513 1281 569 defendatur.
1294 512 1541 584 Tunoepiscopali
1556 514 1788 587 suggestione,!si
1804 534 1856 575 ne-

152 611 541 684 credidebetdeepiscopo,
570 605 613 663 vel
642 605 821 678 presbytero,
849 619 974 675 quorum
1029 600 1539 674 csseeluerit,principisvsljudicis
1555 602 1855 666 auxilietaudiutalis

151 704 222 761 ordo
237 701 333 766 adhuc
346 699 458 758 divisus
473 714 531 753 non
546 700 618 762 erat,
634 692 767 767 quamvis
796 691 839 748 sis
863 691 973 747 crimen
1028 691 1249 763 persequendus
1263 690 1329 759 erit,
1346 689 1437 746 donec
1452 689 1659 749 ecclesiasticis
1674 697 1719 749 vet
1740 693 1854 754 invitus

151 791 318 865 objiciatur,
333 789 391 846 nisi
406 787 562 860 probetur,
579 783 647 856 quia
662 781 841 838 sacerdotem
862 779 973 836 nemini
1028 780 1123 836 discat
1137 779 1246 852 regalis
1261 779 1387 836 obedire.

152 878 375 944 damnarelicet‚
385 875 441 931 nisi
453 877 615 946 auteponte
626 871 804 934 contessum,
816 872 867 925 aut
878 867 972 942 legiti·
1061 869 1268 925 accusationes
1284 872 1381 924 autem
1392 885 1493 924 eorum
1509 885 1568 924 non
1585 868 1667 926 aliter
1690 871 1851 944 inquirere,

151 969 208 1025 mie
220 959 731 1033 testibuscanonicscomprobatum.
742 959 853 1015 Tamen
866 957 890 1013 si
900 956 972 1029 legi·
1025 957 1069 1013 vel
1073 957 1207 1029 judicare
1218 957 1301 1013 laicis
1311 958 1547 1029 presumendum
1561 959 1676 1023 est,nisi
1690 961 1726 1016 ab
1736 964 1850 1034 spineo.

149 1056 220 1112 time
230 1050 635 1128 probatumvslmaniiestum
644 1046 970 1118 fueritquodobjectum
1024 1047 1071 1118 pis
1080 1046 1249 1115 invitentur,
1262 1048 1298 1102 ad
1313 1063 1439 1119 quorum
1450 1046 1512 1103 haec
1522 1047 1690 1120 parochiam
1701 1051 1849 1122 pertinere

148 1149 202 1210 est,
219 1142 334 1216 publice
349 1145 393 1197 est
415 1139 595 1213 arguendus,
626 1142 658 1193 ut
685 1136 781 1193 centeri
794 1139 968 1191 terreantur.
1023 1135 1169 1192 videntur.
1187 1136 1237 1192 sit
1250 1136 1329 1192 enirn
1344 1130 1447 1192 beatus
1461 1135 1570 1193 Paulus
1582 1137 1733 1209 apostolus
1747 1155 1754 1195 :
1770 1141 1805 1196 lit
1818 1150 1850 1199 ta

47 1276 60 1287 .
147 1233 218 1289 Cum
230 1231 309 1288 enim
319 1230 418 1286 vident
430 1233 546 1285 tautum
557 1226 651 1283 virum
663 1225 769 1282 erroris
784 1223 968 1282 causacorri-
1025 1226 1139 1295 quises,
1163 1228 1212 1298 pai
1235 1225 1349 1297 judicas
1372 1225 1496 1281 alienam
1516 1225 1646 1281 servam?
1674 1229 1849 1287 saoDomino

146 1321 186 1394 pi,
203 1335 322 1377 necesse
337 1323 383 1375 est
398 1322 430 1374 ut
446 1316 550 1389 reliqui
565 1315 621 1373 eibi
637 1319 765 1372 caveant.
790 1312 865 1370 illud
881 1313 969 1370 etiam
1022 1317 1076 1369 siat
1087 1317 1134 1370 ant
1148 1315 1220 1371 cadit
1233 1314 1320 1387 (Rom.
1332 1332 1389 1386 mv,
1405 1315 1444 1386 4).
1460 1313 1614 1371 Saecularis
1628 1319 1727 1372 tamen
1744 1333 1760 1374 e
1775 1335 1847 1377 con·

145 1411 232 1484 plane
243 1407 453 1465 attendendum
465 1412 509 1463 eet
519 1406 597 1479 quod
610 1405 750 1460 Dominus
760 1403 969 1475 aitinEvange·
1022 1405 1068 1460 tra
1081 1407 1221 1476 potestas,
1238 1404 1315 1477 quod
1330 1402 1527 1472 lamentabile,
1558 1403 1741 1462 multimodis
1756 1408 1847 1467 eccle·

143 1499 183 1556 lio
198 1499 306 1555 :Nolite
324 1505 389 1552 ante
402 1499 508 1568 tempas
518 1494 658 1566 judicare,
675 1493 764 1566 quoad
778 1509 863 1564 aeque
874 1493 969 1549 ueniat
1022 1491 1326 1549 siasticaminterdum
1336 1492 1846 1569 supprimitauctoritatem:etcujus

143 1589 288 1654 Dominae,
303 1588 352 1660 pai
364 1593 390 1642 et
404 1585 580 1641 illuminabit
599 1582 764 1640 abscondita
790 1584 968 1640 tenebrarum
1022 1581 1164 1638 subsidiis
1173 1582 1313 1646 debuerat
1326 1581 1443 1650 elatiori,
1460 1581 1524 1652 ejus
1535 1580 1608 1638 solet
1618 1583 1846 1644 adversitatibus

144 1674 632 1747 etmaniseetalitconsiliaeardinm
659 1672 683 1745 (l
698 1673 758 1729 Cor.
788 1688 826 1742 1v,
842 1672 879 1743 5).
903 1671 966 1727 Nou
1022 1669 1130 1744 affligi„
1141 1673 1175 1726 Et
1189 1671 1267 1727 sicut
1282 1671 1311 1727 in
1325 1669 1465 1726 electione
1488 1669 1648 1742 presulum
1677 1689 1731 1729 sua
1747 1674 1846 1747 potius

144 1767 223 1822 enim
240 1769 335 1838 potest
350 1763 479 1820 humano
494 1762 681 1820 condemnari
710 1761 853 1829 examine,
879 1777 967 1832 quem
981 1804 1005 1869 B
1020 1763 1098 1828 vota,
1113 1776 1203 1833 quam
1219 1765 1388 1816 sanctorum
1403 1759 1521 1815 Petrum
1536 1758 1672 1816 instituta
1695 1762 1845 1838 principes

143 1855 221 1911 Deus
237 1871 291 1910 suo
321 1853 478 1910 reservavit
498 1851 622 1924 judicio.
650 1849 861 1907 Constantinus
876 1850 964 1905 etiam
1020 1847 1843 1925 ssrmarecontendunt,itaetinaudiendo,veljudicando,

81 1951 85 1959 ‘
142 1942 351 1999 sanctissimus
366 1942 536 2013 imperator,
566 1957 633 1996 curu
662 1939 692 1994 in
722 1939 964 2011 Nicaeuasynodo
1020 1939 1167 1994 sedetiam
1178 1936 1646 2018 ejiciendotamipsosquamillis
1657 1940 1845 2013 commissos,

142 2031 292 2104 querelam
309 2029 505 2101 quorumdam
521 2028 725 2101 episcoporum
736 2043 835 2083 eoram
846 2043 877 2083 se
889 2027 965 2084 dela·
1019 2028 1179 2098 contrajus
1192 2043 1338 2082 canonum
1347 2025 1571 2099 sumperomnia
1581 2029 1843 2100 queruntsatisfa·

141 2125 204 2176 tam
219 2118 410 2191 conspiceret,
426 2119 485 2174 ait:
501 2117 560 2173 Vos
576 2117 722 2173 anemius
740 2115 866 2188 judicari
882 2121 964 2189 pote·
1019 2131 1083 2172 cere
1094 2115 1249 2172 voluntati.
1266 2117 1302 2172 Et
1316 2117 1480 2172 secundum
1495 2117 1843 2189 perversorumJudicum

25 2266 30 2275 ,
141 2209 206 2277 atis,
231 2209 301 2281 quia
315 2207 407 2263 solius
421 2205 472 2262 Dei
482 2205 595 2277 judicio
610 2205 808 2262 reservamini.
825 2205 869 2260 Dii
885 2206 962 2261 enim
1019 2203 1495 2277 sententiamnecculparetrahit
1524 2203 1651 2277 aliquem
1680 2203 1845 2264 aculmine

140 2293 962 2366 vocatiestis,idcircononpotestisabhominibusjudi-
1018 2292 1844 2366 regiminis‚necregimeaullumexcusatabaccosatione

140 2386 210 2442 cari.
223 2385 304 2451 Quod
316 2389 344 2440 et
355 2381 496 2439 Dominus
508 2381 537 2437 ia
548 2382 646 2438 Exodo
661 2382 817 2438 ostendens
834 2382 874 2438 ait
887 2399 894 2436 :
908 2383 964 2438 Diis
1018 2381 1145 2454 alicujus
1160 2382 1302 2438 oriminis.
1319 2382 1400 2446 Quod
1416 2380 1537 2438 viriliter
1564 2383 1668 2438 beatus
1687 2383 1844 2440 anacletus

135 2474 326 2542 neostraton,
356 2476 383 2529 et
409 2473 535 2545 principi
557 2471 658 2544 populi
685 2470 727 2527 tui
755 2486 790 2527 ne
812 2471 963 2528 nicledicos
1018 2487 1094 2542 papa
1108 2471 1311 2528 contradicens
1326 2470 1385 2527 ait:
1404 2470 1579 2527 Electionem
1595 2488 1781 2528 summorum
1797 2488 1844 2530 aa·

122 2562 232 2634 ,(Εκοά.
249 2579 318 2632 anu,
334 2560 391 2631 28).
415 2560 450 2615 st
464 2560 567 2616 beatus
583 2558 740 2632 Gregorius
755 2558 962 2630 imperatorem
1018 2559 1169 2615 cerdotum
1185 2559 1241 2615 sibi
1259 2560 1398 2615 Dominus
1408 2560 1574 2628 reservavit,
1589 2559 1657 2617 lieet
1671 2560 1843 2617 electionem

137 2651 314 2708 Mauricium
328 2650 357 2705 in
374 2649 428 2706 hoe
444 2646 569 2705 laudans
596 2648 638 2703 ait
666 2647 715 2716 (lib
744 2663 775 2714 u,
800 2650 878 2720 epist.
894 2648 960 2720 56):
1018 2664 1119 2704 eorum
1135 2649 1220 2705 bonis
1235 2649 1437 2706 sacerdotibus
1452 2653 1481 2704 et
1508 2648 1712 2721 spiritualibus
1727 2649 1843 2723 populis

137 2761 151 2791 a
161 2741 235 2807 Quia
245 2738 426 2796 serenissimi
437 2738 547 2795 domini
560 2736 745 2810 imperatoris
759 2736 891 2792 animum
902 2754 962 2794 non
1016 2737 1220 2793 concessisset.
1234 2736 1287 2793 Cui
1302 2753 1370 2809 ergo
1384 2736 1492 2794 similis
1520 2753 1584 2793 esse
1612 2737 1769 2806 videbitur,
1791 2738 1844 2811 qui

137 2830 318 2902 ignoramus,
337 2828 461 2900 quodne
476 2827 506 2882 iu
522 2825 822 2887 causiasacerdotum
839 2826 960 2883 miscere
1016 2826 1094 2898 quod
1108 2826 1185 2883 Deua
1200 2825 1256 2881 eibi
1273 2831 1387 2882 tantum
1404 2826 1490 2883 modo
1506 2825 1671 2895 reservavit,
1690 2827 1842 2900 subripere

137 2934 195 2974 non
211 2915 313 2988 soleat,
328 2932 364 2972 ne
380 2915 489 2972 nostris
503 2915 533 2971 in
549 2915 649 2986 aliquo
665 2914 792 2987 peccatis
813 2918 959 2987 gravetur.
1015 2915 1176 2986 praesumit.
1194 2916 1294 2971 Restat
1308 2916 1411 2987 utique
1441 2919 1474 2970 ut
1502 2914 1555 2984 illi,
1582 2915 1633 2988 qui
1660 2916 1718 2972 ait:
1736 2920 1842 2975 Ponam

136 3007 208 3063 Item
224 3006 260 3062 ad
273 3006 288 3062 J
292 3020 417 3062 oannem
427 3005 608 3061 defensorem
622 3020 629 3060 ς
643 3004 683 3059 De
697 3018 821 3075 persone
835 3004 958 3077 presby·
1013 3004 1102 3061 sedem
1116 3004 1256 3061 meamet
1270 3005 1441 3076 Aquilonem,
1454 3008 1480 3061 et
1508 3021 1554 3061 ero
1582 3005 1686 3061 similis
1700 3006 1840 3064 ditiseimo

134 3096 189 3152 teri
204 3095 260 3152 hoc
274 3093 483 3151 attendendum
499 3097 554 3164 est,
585 3093 654 3165 quia
681 3091 706 3148 si
733 3108 822 3164 quem
838 3108 957 3149 oausam
1013 3097 1083 3164 (lea.
1103 3110 1160 3164 xiv,
1175 3093 1230 3165 24).

132 3183 247 3254 habuit,
263 3199 321 3240 non
336 3183 373 3240 ab
388 3183 445 3239 alio
460 3182 563 3250 teneri,
593 3183 646 3238 sad
675 3181 845 3254 episcopum
862 3171 993 3254 ipsiusC
1073 3200 1555 3274 gxppcppargprpmadpjudpcig
1574 3203 1773 3274 episcoporum,

134 3273 208 3328 adiri
218 3272 329 3329 debuit.
344 3295 358 3322 a
371 3271 563 3329 Beatissimae
572 3269 811 3344 etiamSylvester
820 3287 957 3328 summus

132 3361 261 3433 pontifex
276 3360 317 3431 (in
332 3359 455 3431 Epiiop,
471 3364 499 3414 et
513 3375 577 3430 cap.
591 3359 608 3412 3
623 3375 697 3415 corea
727 3359 825 3429 item),
848 3364 877 3415 et
890 3359 955 3414 uni·
1206 3369 1339 3426 lNclpl'l*
1353 3370 1444 3426 PARS
1463 3369 1638 3430 εΕρυΝῡΑ,

129 3448 251 3505 versalia
264 3447 416 3520 apostolus
431 3446 551 3503 collecta
565 3447 675 3519 synodo
691 3446 836 3502 insaucia
854 3451 884 3502 et
908 3463 954 3503 ve·

129 3536 252 3593 nerabili
267 3536 400 3593 Romana
413 3534 543 3592 Ecclesia
558 3533 722 3607 peremnia
745 3533 905 3601 interdixit,
922 3539 955 3591 ut

68 3684 73 3700 .
128 3624 228 3682 nullus
241 3625 335 3682 laicus
351 3625 462 3681 crimen
477 3623 582 3680 clerico
597 3624 704 3680 audeat
732 3623 849 3692 inferre,
878 3628 907 3679 ct
921 3627 954 3679 ut
1043 3624 1118 3681 lllud
1133 3625 1219 3698 plane
1233 3625 1365 3699 diligenti
1380 3626 1580 3684 observatione
1599 3630 1760 3685 cavendum
1776 3635 1832 3701 eet,

125 3713 350 3788 presbyternon
367 3712 707 3786 adversusepiscopum,
738 3729 790 3769 nec
811 3713 953 3769 diaconus
1007 3718 1040 3770 ut
1055 3715 1132 3788 quod
1148 3720 1224 3771 Deus
1240 3715 1325 3772 bonis
1340 3715 1555 3784 sacerdotibus,
1584 3722 1613 3774 et
1627 3716 1832 3791 spiritualibus

125 3803 266 3860 adversus
280 3804 495 3877 presbyterum,
510 3819 569 3859 non
584 3801 783 3859 subdiaconus
812 3801 951 3858 adversus
1006 3803 1124 3877 populis
1138 3803 1398 3874 concessit,nullus
1413 3805 1449 3860 ad
1466 3805 1618 3878 proprium
1628 3807 1735 3864 audeat
1746 3809 1833 3881 privi-

125 3891 951 3966 dieconum‚nonacolythusadversussubdiaconum‚non
1005 3891 1115 3967 legium
1131 3898 1306 3966 retorquere.
1322 3896 1395 3951 Cum
1411 3894 1490 3950 enim
1506 3895 1664 3968 episcopali
1689 3896 1830 3955 electione

123 3982 268 4039 exorcista
283 3984 423 4040 adversus
437 3980 617 4055 acolythum,
632 3998 690 4038 non
705 3980 796 4038 lector
810 3981 951 4038 adversus
1003 3984 1161 4056 generalis,
1177 3987 1205 4039 et
1215 4000 1273 4039 non
1289 3982 1425 4056 specialis
1440 3984 1595 4056 querenda
1610 3984 1649 4041 eit
1663 3985 1785 4054 utilitas,
1801 3990 1830 4043 et

123 4071 307 4139 exorcistam,
324 4089 382 4129 non
398 4072 537 4130 ostiarius
565 4072 705 4128 adversus
732 4070 880 4136 lectorem,
902 4071 951 4126 det
1004 4071 1208 4129 aeclesiasticae
1224 4071 1268 4127 aei
1282 4072 1478 4144 inquirendus
1494 4073 1533 4128 sit
1556 4074 1753 4147 dispensator,
1769 4093 1828 4133 non

122 4161 337 4217 accusationem
349 4159 527 4231 aliquamllt
537 4176 595 4216 non
607 4161 762 4216 damnetur
772 4158 949 4231 presul,nisi
1003 4159 1130 4234 publice,
1145 4159 1189 4216 vel
1202 4160 1314 4232 private
1341 4159 1450 4232 aliquis
1477 4166 1667 4233 procurator:
1691 4164 1758 4236 quis
1772 4182 1828 4220 un-

122 4245 152 4301 in
168 4247 358 4320 septuaginta
372 4247 498 4314 duobus,
524 4263 619 4319 nsque
647 4245 754 4319 presul
781 4262 917 4303 summus
932 4263 949 4301 a
1003 4265 1091 4321 quam
1104 4248 1232 4321 aliquem
1246 4247 1322 4303 adid
1335 4247 1473 4304 idoneum
1489 4250 1615 4321 reperire
1638 4253 1755 4323 poterit,
1772 4253 1829 4310 nisi

121 4333 430 4407 queqaamjudicetur
441 4352 448 4391 :
461 4334 602 4407 quoniam
614 4335 756 4408 scriptum
768 4339 813 4392 est
825 4335 898 4391 :Non
911 4343 950 4392 est
1002 4337 1065 4410 ipse
1081 4337 1130 4411 qui
1147 4336 1327 4394 occultorum
1343 4339 1388 4393 eet
1404 4336 1560 4410 cognitori
1580 4380 1826 4400 ......

120 4424 274 4496 discipulae
287 4440 373 4497 snpra
387 4425 553 4494 mapistrnm
581 4421 686 4495 (Dant.
717 4441 745 4495 x,
767 4422 823 4495 24).
840 4425 947 4480 Beatus
1003 4466 1247 4482 ......
1287 4443 1294 4456 ·
1335 4467 1626 4482 .......
1639 4427 1828 4485 custodiam?

120 4511 982 4603 quoquePaulusapostolusaitadTimothaum:senioremD
1001 4514 1054 4581 Qui
1067 4515 1171 4571 merito
1181 4514 1236 4570 hoc
1252 4513 1340 4570 etism
1357 4512 1443 4570 bonis
1466 4512 1678 4579 sacerdotibus,
1694 4518 1723 4570 et
1737 4515 1825 4587 spiri-

118 4616 154 4656 ne
168 4603 365 4674 increpaveris,
390 4601 436 4657 sed
452 4601 560 4659 obsecra
573 4603 604 4656 nt
616 4610 720 4674 partem
737 4601 760 4674 (l
777 4601 844 4657 Tim.
859 4617 887 4671 v,
903 4600 941 4674 4).
997 4603 1128 4659 tualibus
1139 4617 1313 4674 cognoscere
1324 4618 1399 4675 sepe
1410 4601 1543 4659 concedit
1553 4601 1825 4679 populis,quisipse

120 4686 193 4760 drgo
208 4706 266 4745 nou
281 4694 327 4746 est
342 4689 449 4745 mirum
465 4690 554 4762 [quod
584 4690 619 4747 de
647 4689 792 4762 episcopie
806 4688 942 4761 superius
997 4708 1115 4765 quoque
1129 4690 1199 4747 alibi
1215 4690 1407 4763 promiserat:
1427 4691 1477 4748 ilbi
1498 4693 1606 4763 suerint
1625 4697 1780 4764 conprepoti
1792 4697 1822 4751 tn

119 4775 285 4835 dictumest
299 4779 335 4834 ad
347 4794 472 4851 quorum
484 4777 678 4851 cognitionem
686 4777 799 4850 judicia
809 4777 942 4834 omnium
996 4783 1174 4838 neminemne
1184 4779 1237 4836 dac
1247 4780 1289 4835 vet
1299 4783 1363 4848 tres,
1376 4780 1501 4836 inmedio
1523 4797 1617 4838 eoram
1638 4797 1700 4837 sam
1711 4782 1819 4850 (Metti.

119 4865 285 4937 specialiter
294 4868 442 4940 pertinent
451 4867 654 4941 clericorum];
670 4884 736 4924 curn
748 4867 835 4924 etiam
848 4869 942 4936 [oete
995 4886 1076 4942 xviri,
1092 4869 1148 4943 20).
1164 4871 1198 4926 Et
1213 4869 1242 4924 in
1258 4867 1380 4941 psalmis
1390 4885 1396 4925 :
1406 4869 1538 4926 Dominae
1551 4875 1625 4927 stetit
1637 4873 1668 4927 in
1681 4887 1819 4943 epnapopa

118 4969 166 5011 ros
179 4954 308 5028 Domini]
324 4957 499 5034 sacerdotes,
515 4956 617 5013 levitae
632 4961 661 5012 ot
687 4957 892 5025 subdiacones,
909 4973 942 5012 ac
998 4959 1121 5028 deornm,
1134 4962 1164 5016 in
1177 4959 1267 5014 aredio
1278 4967 1369 5014 antem
1380 4959 1658 5031 eosdiiadicatss’sal.
1671 4976 1764 5029 axam,
1782 4961 1820 5033 1).

118 5045 269 5116 sequentis
284 5045 396 5102 ordinis
412 5062 505 5118 usque
520 5047 556 5103 ad
571 5045 667 5102 ultimi
696 5047 805 5119 gradus
821 5046 941 5102 clericos
997 5049 1084 5106 Plane
1094 5047 1312 5122 ergoipselacit
1322 5047 1399 5120 quod
1411 5048 1466 5120 ipsi
1482 5047 1820 5121 faciunt‚quiinnomine

118 5133 297 5191 omnimodis
311 5133 429 5191 exclusa
440 5134 478 5190 sit
492 5133 574 5191 laicis
588 5133 706 5191 licentia
721 5135 877 5192 accusandi
896 5136 940 5192 vel
995 5136 1701 5210 ejuscongregantur,quiareverapatetquodipsi
1708 5137 1821 5210 absque

114 5219 280 5294 iudicandi,
290 5227 407 5296 excepto
420 5223 445 5280 si
460 5223 567 5296 aliquis
582 5240 694 5293 eorum,
706 5225 783 5297 quod
796 5224 882 5296 absit,
893 5229 940 5281 tu·
995 5244 1029 5285 eo
1040 5245 1104 5285 esse
1119 5227 1159 5283 ibi
1175 5244 1233 5283 non
1248 5225 1372 5298 possint.
1390 5226 1454 5299 lpse
1467 5225 1586 5297 quidem
1597 5230 1642 5281 est
1652 5225 1777 5298 quitum
1789 5229 1819 5283 in

116 5322 198 5365 more
207 5313 351 5382 superbie
363 5311 696 5380 slatus,ecolesiasticam
707 5313 845 5371 deserens
855 5313 941 5370 disci·
994 5317 1092 5374 Veteri
1106 5332 1196 5388 quam
1207 5315 1236 5370 in
1248 5314 1326 5371 Novo
1336 5314 1702 5383 Testamento,sacerdotes
1715 5332 1820 5387 perse·

1194 3485 1230 3540 De
1244 3486 1467 3541 ordinationibus
1479 3487 1647 3543 eorumdem.

116 5395 242 5472 plinam,
257 5400 294 5455 ad
307 5400 476 5459 secularem
491 5417 523 5459 se
534 5401 693 5460 contulerit
706 5407 892 5477 potestatem,
909 5409 942 5460 ut
995 5406 1155 5478 metipsum
1166 5401 1819 5477 eligeredignatasestAiteniminVsteriTe-

152 5574 211 5661 (43)
228 5574 396 5653 Contrajm.
412 5578 529 5660 Optima
542 5579 628 5640 lectio
651 5581 761 5644 codicis
790 5584 877 5646 Raab.
894 5589 924 5646 at
942 5584 1028 5648 lectio
1041 5583 1148 5662 prioris
1164 5582 1311 5660 editionis,
1324 5581 1492 5650 commrinr,
1507 5579 1645 5656 pessima.
