3908 6096
757 571 839 618 sano
860 570 969 617 aonam
988 570 1118 618 DCGCCLX

782 755 1088 960 ΑΤΤΟ
1289 983 1299 1000 ,

364 1074 966 1210 valecenensis
1026 1072 1499 1217 EPISCOPUS.

577 1344 1254 1553 'Paoaaoolmua

279 1648 332 1723 (lix
345 1647 473 1707 editione
487 1647 666 1707 vercellensi
680 1649 750 1707 anni
766 1650 845 1719 1768,
860 1652 1035 1723 procurante
1048 1648 1083 1706 D.
1099 1646 1201 1706 Garolo
1216 1646 1356 1706 Burontio
1370 1646 1417 1706 del
1432 1647 1579 1725 signore.)

563 1944 842 2036 EPISTOLA
882 1943 1292 2036 DEDICATORIA.

109 2151 226 2225 Optimo
240 2149 366 2224 principi
380 2149 500 2207 Vre-mar
513 2152 634 2207 Ausum
647 2149 800 2206 Sabaudia
815 2148 895 2220 duci,
910 2147 1032 2206 Carolus
1046 2148 1216 2205 Buaourrus
1234 2162 1289 2204 nna
1302 2148 1439 2206 Sacoena.

109 2249 213 2306 Curad
224 2254 358 2323 teneque
370 2246 631 2306 oculosaustollere
638 2247 777 2316 auserim,
788 2250 818 2303 et
824 2262 922 2302 meum
932 2245 1012 2302 hunc
1024 2245 1261 2318 qualemcunque
1267 2244 1398 2303 lahorem
1408 2244 1596 2321 gratoanlrno
1606 2248 1636 2302 te
1646 2249 1779 2320 excepto-

71 2364 138 2404 rum
154 2347 308 2421 sperarim,
325 2346 461 2418 Princeps
477 2345 671 2419 amplissime,
687 2361 733 2401 res
748 2345 813 2417 ipsa
828 2343 935 2401 melius
950 2343 1065 2412 dixerit,
1081 2360 1170 2416 quam
1186 2358 1239 2418 ego
1254 2344 1385 2401 lactum
1400 2343 1467 2400 sim.

102 2445 220 2502 Attenia
233 2445 366 2502 Ecclesiae
395 2449 459 2501 octo
487 2444 524 2500 ab
539 2443 682 2515 hincjam
712 2441 828 2499 socculis
852 2442 981 2515 episcopi
1010 2441 1113 2514 Opem,
1131 2440 1238 2514 partim
1265 2441 1331 2498 aD.
1362 2440 1607 2500 Lucall'bohario
1635 2441 1666 2498 in
1682 2441 1777 2517 Spioi·

66 2543 213 2618 legiojam
221 2544 310 2612 edita,
321 2543 541 2601 lacunistameo
552 2540 699 2615 plurimis,
711 2540 901 2613 hiatibusque
911 2539 1092 2605 labefactata,
1106 2539 1253 2611 partimin
1265 2538 1394 2597 archivio
1405 2544 1505 2597 nostro
1513 2538 1667 2613 capitulari
1676 2539 1775 2598 hacte-

66 2658 123 2699 nus
137 2642 262 2699 obscure
276 2640 407 2708 latentia,
422 2640 454 2697 in
470 2639 621 2712 publicum
635 2654 714 2695 nunc
727 2639 846 2695 tandem
863 2637 986 2711 integra,
1007 2641 1095 2710 atque
1110 2637 1147 2693 ad
1163 2637 1251 2694 fldem
1265 2636 1439 2712 autographi
1455 2637 1564 2711 ubique
1586 2642 1688 2695 exacta
1700 2638 1774 2697 dum

65 2741 222 2813 prodeunt,
239 2739 330 2795 alium
345 2744 422 2795 certe
437 2738 623 2794 llaceoatem
638 2752 792 2810 exposcere
808 2751 861 2792 nec
875 2735 1021 2792 dehebant
1036 2752 1089 2792 nec
1103 2740 1342 2809 poterantquam
1357 2734 1489 2809 eum,qui
1502 2739 1532 2793 et
1543 2735 1659 2810 paterni
1672 2751 1773 2795 exem·

64 2837 105 2912 pli
110 2880 119 2910 ,
133 2842 161 2894 et
176 2837 296 2910 ingenii,
307 2841 338 2893 et
351 2836 505 2910 dignitatis
514 2851 603 2892 causa
618 2833 777 2908 religionis,
792 2849 919 2904 morum,
931 2833 1135 2890 ecclesiasticae
1145 2832 1307 2905 disciplina
1317 2832 1543 2907 litterarumque
1555 2835 1660 2901 fautor.
1671 2839 1774 2895 enatos

64 2938 94 2992 at
108 2935 213 2992 vindex
227 2938 273 2992 est
283 2935 350 3007 jure
365 2934 474 3007 optimo
490 2932 655 2990 habendus.

98 3031 165 3089 Hac
180 3032 280 3106 igitur.
296 3049 360 3105 qua
372 3048 438 3089 cum
451 3047 584 3088 meorum
599 3030 629 3086 in
642 3044 689 3086 me
699 3027 876 3102 collegarum
887 3026 986 3085 studio
997 3033 1026 3084 et
1040 3027 1234 3095 lincolniam
1247 3041 1392 3085 meacura
1405 3027 1500 3085 lucam
1511 3028 1622 3103 rident,
1631 3033 1773 3088 consueta

60 3129 256 3203 benignitate,
271 3130 487 3186 humanissime
502 3127 651 3199 Princeps,
668 3127 767 3197 excipe
782 3129 870 3196 atque
891 3123 1051 3180 Ecclesiam
1066 3124 1152 3191 hanc,
1169 3141 1286 3196 meque,
1301 3130 1331 3180 et
1345 3141 1426 3182 meos
1440 3142 1556 3197 omnes,
1571 3127 1643 3183 dum
1657 3128 1711 3183 tibi
1725 3141 1771 3184 re·

57 3226 176 3300 giaqua
191 3227 309 3282 inmitia
324 3222 432 3280 cuncta
445 3241 463 3279 a
475 3225 534 3280 Deo
544 3238 685 3295 prospera
695 3221 826 3293 quotidie
837 3236 1000 3293 precamur,
1012 3220 1043 3277 in
1055 3219 1099 3277 tui
1114 3219 1249 3277 clientela
1270 3236 1386 3277 servare
1397 3236 1496 3295 perge,
1509 3223 1644 3298 patrique
1658 3224 1770 3298 optimo

55 3322 125 3395 regi
140 3325 240 3379 nostro
255 3321 468 3395 augustissimo
484 3335 670 3392 summopere
684 3318 905 3375 commendatos
920 3317 1002 3375 velis.

96 3654 355 3762 CAROLUS
381 3651 701 3760 BURONTIUS
728 3652 837 3759 DEL
868 3648 1115 3823 stellati·
1140 3652 1380 3761 LECTORI
1404 3656 1719 3767 BENEVOLO.
1884 3776 1890 3788 ‚

97 3991 211 4047 Attenia
226 3990 321 4064 Opera
338 3988 448 4063 publici
470 3988 549 4061 juris
572 3988 665 4044 lacere
688 3986 886 4060 cogitantibus
899 3988 927 4056 Α
941 4004 976 4044 ax
988 3986 1026 4044 iis
1040 3987 1207 4061 colligimus
1219 4005 1285 4062 quae
1299 3990 1329 4047 in
1345 3991 1403 4049 line
1413 3993 1610 4065 llxpoaitionis
1623 3996 1765 4068 Epistola·
1848 4056 1854 4071 ‚

59 4080 147 4136 nohis
163 4096 256 4154 opera
278 4079 403 4153 pretinm
428 4077 543 4133 videtur
560 4075 884 4133 nonnulladaauctore
938 4092 1005 4132 rom
1023 4080 1053 4131 l).
1069 4075 1153 4133 Pauli
1183 4093 1323 4150 perorans
1352 4080 1413 4136 alt:
1428 4081 1589 4155 Tadedbtt
1610 4088 1764 4158 atpmpur

59 4169 156 4242 deque
169 4168 314 4242 Operibus
326 4168 411 4240 ipsis,
434 4172 525 4240 atque
541 4167 576 4222 de
590 4166 646 4222 bac
667 4170 768 4222 nostra
781 4181 882 4221 eorum
936 4172 1058 4237 pastum,
1074 4167 1277 4224 atrocitatem
1292 4167 1375 4240 tmere
1389 4170 1467 4242 ote,
1485 4179 1586 4229 mode
1600 4171 1762 4246 Scripturas,

57 4258 185 4315 „ditione
200 4257 327 4316 bmvitgf
339 4257 464 4330 parari.
937 4259 1056 4324 porum,
1069 4258 1245 4328 patriamque
1254 4257 1449 4329 relinquerem.
1463 4260 1605 4317 Quarum
1620 4264 1676 4320 sub
1691 4280 1762 4336 quo·

937 4359 1005 4399 nam
1021 4343 1092 4400 coelo
1108 4350 1195 4401 natus
1205 4346 1254 4412 sit,
1265 4362 1358 4418 quava
1371 4347 1407 4404 de
1418 4353 1504 4421 gente
1515 4348 1602 4407 nobis
1611 4351 1760 4423 advectus,

346 4400 393 4458 DE
413 4398 589 4456 AUCTORE·
937 4429 1016 4488 haud
1032 4437 1110 4488 certo
1125 4433 1202 4489 inter
1221 4435 1379 4507 scriptores
1393 4441 1518 4507 constat,
1535 4439 1584 4510 qui
1599 4439 1663 4513 ejus
1678 4457 1762 4499 rnen-

95 4526 117 4578 l.
134 4529 255 4582 Attones
271 4525 346 4581 duos
362 4521 557 4596 episcopalem
571 4521 768 4579 vercellarum
784 4526 882 4579 catne-
935 4521 1761 4605 tionemleceruntNamilossottusmoxoitatusahllpo·
1828 4560 1831 4565 ’

60 4610 144 4667 dcam
159 4615 297 4680 tenuisse,
322 4617 411 4687 atque
436 4611 515 4669 hunc
540 4615 673 4668 nostrum
693 4615 777 4668 atate
792 4611 882 4669 luisse
936 4610 1022 4667 cedia
1038 4610 1258 4670 marchionibus
1268 4619 1443 4687 prognatum
1459 4615 1587 4675 altlrmat
1597 4622 1697 4687 ,testes
1710 4637 1761 4694 ap·

58 4700 251 4773 posteriorem
270 4702 377 4759 litteris
402 4700 758 4773 prodideruntltoasottus
773 4701 803 4757 in
818 4700 881 4774 Syl·
936 4698 1048 4770 pellens
1073 4698 1299 4773 probatissimos
1323 4706 1479 4772 auctores;
1504 4720 1630 4779 quornm
1659 4712 1759 4766 tamen

60 4789 138 4861 labo,
156 4794 186 4846 et
201 4790 366 4849 d'Acherius
379 4791 409 4848 in
424 4789 579 4865 Spicilegio
590 4807 597 4845 ε
609 4794 639 4844 at
653 4790 741 4845 unius
754 4795 882 4846 tantum·
935 4789 1056 4844 nomina
1071 4788 1163 4856 siluit,
1176 4789 1218 4845 uti
1233 4793 1262 4846 et
1272 4797 1421 4848 momenta
1431 4793 1540 4865 quihus
1554 4794 1628 4852 lldes
1640 4795 1757 4856 illoram

58 4879 145 4935 modo
162 4880 303 4937 memoria
329 4880 406 4953 apud
431 4896 485 4937 oos
499 4882 595 4934 exstat
617 4878 740 4943 altonis,
761 4879 880 4951 scriptis
933 4876 1104 4933 testimonio
1119 4877 1300 4935 concilietur.
1312 4879 1490 4939 D'Acherius
1500 4888 1639 4955 praeterea
1652 4885 1682 4942 in
1698 4885 1760 4943 lan·

55 4967 202 5039 lactisque
213 4967 415 5034 celeberrimi,
431 4965 553 5023 alterius
563 4968 661 5021 autem
677 4965 817 5036 cujusvis,
829 4965 880 5037 qui
934 4964 1001 5021 dato
1016 4964 1088 5032 loco,
1105 4982 1139 5022 ex
1163 4967 1345 5025 Ferdinaudo
1365 4968 1497 5042 Ughello,
1520 4974 1654 5030 Attooem
1668 4973 1758 5029 Aide-

52 5054 143 5125 huoc,
160 5055 203 5113 vel
219 5055 401 5130 precesserit
415 5055 511 5126 annis,
523 5054 568 5111 vel
584 5055 760 5111 subsecutae
775 5054 823 5126 sit,
838 5054 880 5108 ni·
933 5052 1007 5126 garii
1023 5053 1117 5110 filium
1132 5055 1204 5111 dicit
1215 5074 1223 5125 ;
1235 5058 1285 5112 sad
1298 5057 1376 5113 enim
1392 5059 1460 5130 quis
1471 5060 1644 5135 Aldegarius
1659 5060 1756 5128 luerit,

52 5142 93 5199 hil
109 5144 140 5200 pn
156 5144 360 5202 monumenti,
374 5141 526 5199 habemus,
933 5147 962 5197 st
976 5143 1013 5197 ad
1029 5160 1118 5215 quam
1129 5150 1246 5217 gentem
1261 5146 1442 5215 referendas,
1454 5157 1557 5206 neuter
1571 5150 1655 5204 docet
1665 5149 1714 5222 (1).
1726 5151 1756 5207 si

87 5232 124 5288 ll.
143 5242 167 5288 Α
184 5233 346 5308 longinqua
359 5231 479 5305 regione
492 5230 548 5288 buc
563 5230 727 5289 advenisse.
742 5234 878 5289 Attonem
912 5256 914 5261 ·
932 5230 1004 5303 quid
1020 5248 1073 5287 nos
1084 5232 1265 5304 judicamus,
1288 5251 1305 5291 a
1320 5234 1521 5310 longobardis
1541 5237 1677 5295 attonem
1686 5239 1757 5312 jure

894 5357 919 5424 B

83 5448 124 5519 (l)
139 5447 222 5514 Quod
239 5447 289 5504 alii
314 5447 438 5504 minoris
465 5444 593 5503 nominis
609 5452 757 5512 auctores,
775 5443 825 5517 qui
842 5445 878 5502 de
932 5443 1045 5503 scilicet
1060 5463 1095 5502 ax
1116 5447 1334 5517 advocatorum,
1357 5448 1403 5505 vel
1425 5447 1628 5508 vicecomitum
1644 5451 1756 5509 familia

47 5519 141 5593 rebus
152 5518 288 5602 Ecclesiae
303 5517 500 5575 vercellarum
518 5517 574 5573 seri
598 5517 802 5587 serunt,veluti
817 5520 877 5572 llo-
933 5523 1110 5645 prognatam
1123 5521 1312 5591 esse‚vixeat
1323 5522 1625 5590 commemorandum,
1642 5537 1756 5581 cumen

48 5588 139 5663 iana,
163 5588 359 5659 Gorbellmus,
385 5588 519 5646 Cusanus
547 5605 564 5645 a
598 5602 728 5649 rmasers
742 5591 878 5649 ettonem
933 5589 986 5647 nul
999 5605 1015 5646 o
1030 5604 1111 5665 grear
1126 5594 1318 5651 monumento
1332 5589 1467 5649 damian.

213 5720 345 5781 Parnon.
367 5714 527 5783 cxxxiv.
1576 5719 1593 5782 l

76 5846 181 6071 a?
