<?xml version="1.0" encoding="UTF-8"?>
<!DOCTYPE html PUBLIC "-//W3C//DTD XHTML 1.0 Transitional//EN"
    "http://www.w3.org/TR/xhtml1/DTD/xhtml1-transitional.dtd">
<html xmlns="http://www.w3.org/1999/xhtml" xml:lang="en" lang="en">
 <head>
  <title>
</title>
<meta http-equiv="Content-Type" content="text/html;charset=utf-8" />
  <meta name='ocr-system' content='tesseract 3.04.00' />
  <meta name='ocr-capabilities' content='ocr_page ocr_carea ocr_par ocr_line ocrx_word'/>
</head>
<body>
  <div class='ocr_page' id='page_1' title='image "./patrologiaecurs77unkngoog/patrologiaecurs77unkngoog_0370.png"; bbox 0 0 3908 6096; ppageno 0'>
   <div class='ocr_carea' id='block_1_1' title="bbox 134 251 1842 345">
    <p class='ocr_par' dir='ltr' id='par_1_1' title="bbox 134 251 1842 345">
     <span class='ocr_line' id='line_1_1' title="bbox 134 251 1842 345; baseline 0.002 -32"><span class='ocrx_word' id='word_1_1' title='bbox 134 272 211 345; x_wconf 54' lang='grc' dir='ltr'><strong>ῃ(</strong></span> <span class='ocrx_word' id='word_1_2' title='bbox 640 259 809 321; x_wconf 82' lang='lat' dir='ltr'><strong>ATTONlS</strong></span> <span class='ocrx_word' id='word_1_3' title='bbox 831 251 1126 317; x_wconf 66' lang='lat' dir='ltr'><strong>austudunensis</strong></span> <span class='ocrx_word' id='word_1_4' title='bbox 1150 254 1324 315; x_wconf 77' lang='lat' dir='ltr'><strong>EPlSGOPi</strong></span> <span class='ocrx_word' id='word_1_5' title='bbox 1785 257 1842 318; x_wconf 78' lang='lat' dir='ltr'><strong>tls</strong></span> 
     </span>
    </p>
   </div>
   <div class='ocr_carea' id='block_1_2' title="bbox 132 384 1868 2686">
    <p class='ocr_par' dir='ltr' id='par_1_2' title="bbox 132 384 1868 2686">
     <span class='ocr_line' id='line_1_2' title="bbox 139 384 1843 470; baseline -0.015 -11"><span class='ocrx_word' id='word_1_6' title='bbox 139 405 277 465; x_wconf 85' lang='lat' dir='ltr'><strong>honestae,</strong></span> <span class='ocrx_word' id='word_1_7' title='bbox 295 397 417 470; x_wconf 82' lang='lat' dir='ltr'><strong>pudice,</strong></span> <span class='ocrx_word' id='word_1_8' title='bbox 443 412 521 451; x_wconf 79' lang='lat' dir='ltr'><strong>sana</strong></span> <span class='ocrx_word' id='word_1_9' title='bbox 536 392 566 448; x_wconf 90' lang='lat' dir='ltr'><strong>in</strong></span> <span class='ocrx_word' id='word_1_10' title='bbox 584 392 650 458; x_wconf 83' lang='lat' dir='ltr'><strong>fide,</strong></span> <span class='ocrx_word' id='word_1_11' title='bbox 666 396 693 446; x_wconf 89' lang='lat' dir='ltr'><strong>et</strong></span> <span class='ocrx_word' id='word_1_12' title='bbox 707 389 841 446; x_wconf 84' lang='lat' dir='ltr'><strong>castitate</strong></span> <span class='ocrx_word' id='word_1_13' title='bbox 855 385 959 457; x_wconf 87' lang='grc'>(1371),</span> <span class='ocrx_word' id='word_1_14' title='bbox 974 387 1002 451; x_wconf 71' lang='grc' dir='ltr'>Α</span> <span class='ocrx_word' id='word_1_15' title='bbox 1016 400 1065 438; x_wconf 90' lang='lat' dir='ltr'><strong>eos</strong></span> <span class='ocrx_word' id='word_1_16' title='bbox 1077 384 1161 454; x_wconf 71' lang='grc' dir='ltr'>(Ρεαὲ.</span> <span class='ocrx_word' id='word_1_17' title='bbox 1175 401 1220 452; x_wconf 80' lang='lat' dir='ltr'><strong>av,</strong></span> <span class='ocrx_word' id='word_1_18' title='bbox 1236 386 1274 455; x_wconf 82' lang='lat'><strong>8).</strong></span> <span class='ocrx_word' id='word_1_19' title='bbox 1290 408 1304 434; x_wconf 90' lang='lat'>»</span> <span class='ocrx_word' id='word_1_20' title='bbox 1320 386 1388 450; x_wconf 69' lang='lat' dir='ltr'><strong>Quas</strong></span> <span class='ocrx_word' id='word_1_21' title='bbox 1402 384 1498 458; x_wconf 90' lang='lat' dir='ltr'><strong>gratia</strong></span> <span class='ocrx_word' id='word_1_22' title='bbox 1512 386 1651 444; x_wconf 82' lang='lat' dir='ltr'><strong>omnibus</strong></span> <span class='ocrx_word' id='word_1_23' title='bbox 1670 385 1843 446; x_wconf 58' lang='lat' dir='ltr'><strong>hominibus</strong></span> 
     </span>
     <span class='ocr_line' id='line_1_3' title="bbox 139 473 1515 562; baseline -0.014 -15"><span class='ocrx_word' id='word_1_24' title='bbox 139 498 168 547; x_wconf 89' lang='lat' dir='ltr'><strong>et</strong></span> <span class='ocrx_word' id='word_1_25' title='bbox 183 487 373 562; x_wconf 69' lang='lat' dir='ltr'><strong>patientiaut</strong></span> <span class='ocrx_word' id='word_1_26' title='bbox 383 502 440 541; x_wconf 91' lang='lat' dir='ltr'><strong>non</strong></span> <span class='ocrx_word' id='word_1_27' title='bbox 452 485 513 540; x_wconf 89' lang='lat' dir='ltr'><strong>sint</strong></span> <span class='ocrx_word' id='word_1_28' title='bbox 525 479 728 548; x_wconf 77' lang='lat' dir='ltr'><strong>accusatrices,</strong></span> <span class='ocrx_word' id='word_1_29' title='bbox 741 495 799 533; x_wconf 92' lang='lat' dir='ltr'><strong>nou</strong></span> <span class='ocrx_word' id='word_1_30' title='bbox 810 476 875 530; x_wconf 91' lang='lat' dir='ltr'><strong>vino</strong></span> <span class='ocrx_word' id='word_1_31' title='bbox 887 473 960 529; x_wconf 88' lang='lat' dir='ltr'><strong>mul·</strong></span> <span class='ocrx_word' id='word_1_32' title='bbox 1017 473 1081 528; x_wconf 90' lang='lat' dir='ltr'><strong>idco</strong></span> <span class='ocrx_word' id='word_1_33' title='bbox 1097 476 1243 544; x_wconf 88' lang='lat' dir='ltr'><strong>apparuit,</strong></span> <span class='ocrx_word' id='word_1_34' title='bbox 1261 478 1293 528; x_wconf 94' lang='lat' dir='ltr'><strong>ut</strong></span> <span class='ocrx_word' id='word_1_35' title='bbox 1308 474 1437 530; x_wconf 84' lang='lat' dir='ltr'><strong>erudiret</strong></span> <span class='ocrx_word' id='word_1_36' title='bbox 1451 491 1515 531; x_wconf 92' lang='lat' dir='ltr'><strong>nos.</strong></span> 
     </span>
     <span class='ocr_line' id='line_1_4' title="bbox 139 562 1845 640; baseline -0.012 -5"><span class='ocrx_word' id='word_1_37' title='bbox 139 584 167 635; x_wconf 91' lang='lat' dir='ltr'><strong>to</strong></span> <span class='ocrx_word' id='word_1_38' title='bbox 189 576 360 640; x_wconf 85' lang='lat' dir='ltr'><strong>servientes,</strong></span> <span class='ocrx_word' id='word_1_39' title='bbox 385 574 459 629; x_wconf 86' lang='lat' dir='ltr'><strong>beno</strong></span> <span class='ocrx_word' id='word_1_40' title='bbox 484 572 634 636; x_wconf 79' lang='lat' dir='ltr'><strong>docentes,</strong></span> <span class='ocrx_word' id='word_1_41' title='bbox 660 572 688 623; x_wconf 92' lang='lat' dir='ltr'><strong>et</strong></span> <span class='ocrx_word' id='word_1_42' title='bbox 702 567 730 621; x_wconf 90' lang='lat' dir='ltr'><strong>in</strong></span> <span class='ocrx_word' id='word_1_43' title='bbox 747 582 818 621; x_wconf 82' lang='lat' dir='ltr'><strong>seru</strong></span> <span class='ocrx_word' id='word_1_44' title='bbox 836 580 889 619; x_wconf 92' lang='lat' dir='ltr'><strong>suo</strong></span> <span class='ocrx_word' id='word_1_45' title='bbox 905 563 961 617; x_wconf 90' lang='lat' dir='ltr'><strong>hoo</strong></span> <span class='ocrx_word' id='word_1_46' title='bbox 1051 563 1143 634; x_wconf 78' lang='grc'>(1372)</span> <span class='ocrx_word' id='word_1_47' title='bbox 1160 585 1173 612; x_wconf 91' lang='lat'>«</span> <span class='ocrx_word' id='word_1_48' title='bbox 1198 562 1236 619; x_wconf 93' lang='lat' dir='ltr'><strong>Ut</strong></span> <span class='ocrx_word' id='word_1_49' title='bbox 1247 564 1424 635; x_wconf 77' lang='lat' dir='ltr'><strong>abnegantes</strong></span> <span class='ocrx_word' id='word_1_50' title='bbox 1435 564 1626 637; x_wconf 77' lang='lat' dir='ltr'><strong>impietatem,</strong></span> <span class='ocrx_word' id='word_1_51' title='bbox 1642 571 1675 622; x_wconf 90' lang='lat' dir='ltr'><strong>et</strong></span> <span class='ocrx_word' id='word_1_52' title='bbox 1690 566 1845 626; x_wconf 59' lang='lat' dir='ltr'><strong>secularia</strong></span> 
     </span>
     <span class='ocr_line' id='line_1_5' title="bbox 142 650 1843 737; baseline -0.022 -14"><span class='ocrx_word' id='word_1_53' title='bbox 142 667 269 722; x_wconf 87' lang='lat' dir='ltr'><strong>habeant</strong></span> <span class='ocrx_word' id='word_1_54' title='bbox 281 662 443 737; x_wconf 89' lang='lat' dir='ltr'><strong>proprium,</strong></span> <span class='ocrx_word' id='word_1_55' title='bbox 459 665 491 716; x_wconf 92' lang='lat' dir='ltr'><strong>ut</strong></span> <span class='ocrx_word' id='word_1_56' title='bbox 506 658 609 715; x_wconf 90' lang='lat' dir='ltr'><strong>sintin</strong></span> <span class='ocrx_word' id='word_1_57' title='bbox 626 656 727 712; x_wconf 90' lang='lat' dir='ltr'><strong>habitu</strong></span> <span class='ocrx_word' id='word_1_58' title='bbox 744 659 855 710; x_wconf 84' lang='lat' dir='ltr'><strong>sancto.</strong></span> <span class='ocrx_word' id='word_1_59' title='bbox 1015 651 1170 707; x_wconf 88' lang='lat' dir='ltr'><strong>desideria.</strong></span> <span class='ocrx_word' id='word_1_60' title='bbox 1187 673 1201 700; x_wconf 91' lang='lat'>»</span> <span class='ocrx_word' id='word_1_61' title='bbox 1217 650 1843 723; x_wconf 50' lang='grc' dir='ltr'><strong>8000100000ῑοωο0ᾶωῑᾱθήυωοωὼ,</strong></span> 
     </span>
     <span class='ocr_line' id='line_1_6' title="bbox 171 740 1846 815; baseline -0.005 -8"><span class='ocrx_word' id='word_1_62' title='bbox 171 780 184 807; x_wconf 76' lang='lat' dir='ltr'><strong>a</strong></span> <span class='ocrx_word' id='word_1_63' title='bbox 200 754 326 810; x_wconf 77' lang='lat' dir='ltr'><strong>iuvenes</strong></span> <span class='ocrx_word' id='word_1_64' title='bbox 350 751 488 808; x_wconf 88' lang='lat' dir='ltr'><strong>similiter</strong></span> <span class='ocrx_word' id='word_1_65' title='bbox 508 749 670 810; x_wconf 84' lang='lat' dir='ltr'><strong>exhortare,</strong></span> <span class='ocrx_word' id='word_1_66' title='bbox 687 750 719 800; x_wconf 94' lang='lat' dir='ltr'><strong>ut</strong></span> <span class='ocrx_word' id='word_1_67' title='bbox 747 741 839 798; x_wconf 80' lang='lat' dir='ltr'><strong>sobrii</strong></span> <span class='ocrx_word' id='word_1_68' title='bbox 855 741 926 797; x_wconf 88' lang='lat' dir='ltr'><strong>sint.</strong></span> <span class='ocrx_word' id='word_1_69' title='bbox 944 761 958 790; x_wconf 77' lang='lat' dir='ltr'><strong>a</strong></span> <span class='ocrx_word' id='word_1_70' title='bbox 1014 740 1470 813; x_wconf 84' lang='lat' dir='ltr'><strong>etomnisambitiotemporalis,</strong></span> <span class='ocrx_word' id='word_1_71' title='bbox 1482 741 1539 799; x_wconf 87' lang='lat' dir='ltr'><strong>Deo</strong></span> <span class='ocrx_word' id='word_1_72' title='bbox 1551 743 1786 815; x_wconf 79' lang='lat' dir='ltr'><strong>ipsodicentez«</strong></span> <span class='ocrx_word' id='word_1_73' title='bbox 1799 750 1846 801; x_wconf 84' lang='lat' dir='ltr'><strong>At·</strong></span> 
     </span>
     <span class='ocr_line' id='line_1_7' title="bbox 134 830 1843 912; baseline -0.006 -11"><span class='ocrx_word' id='word_1_74' title='bbox 134 846 218 901; x_wconf 88' lang='lat' dir='ltr'><strong>Sicut</strong></span> <span class='ocrx_word' id='word_1_75' title='bbox 233 844 262 899; x_wconf 90' lang='lat' dir='ltr'><strong>in</strong></span> <span class='ocrx_word' id='word_1_76' title='bbox 278 858 322 911; x_wconf 90' lang='lat' dir='ltr'><strong>eo,</strong></span> <span class='ocrx_word' id='word_1_77' title='bbox 338 841 416 912; x_wconf 92' lang='lat' dir='ltr'><strong>quod</strong></span> <span class='ocrx_word' id='word_1_78' title='bbox 433 856 522 911; x_wconf 90' lang='lat' dir='ltr'><strong>supra</strong></span> <span class='ocrx_word' id='word_1_79' title='bbox 537 838 723 909; x_wconf 75' lang='lat' dir='ltr'><strong>preceperat,</strong></span> <span class='ocrx_word' id='word_1_80' title='bbox 739 832 840 887; x_wconf 87' lang='lat' dir='ltr'><strong>diceas</strong></span> <span class='ocrx_word' id='word_1_81' title='bbox 854 855 864 878; x_wconf 89' lang='lat'><strong>·</strong></span> <span class='ocrx_word' id='word_1_82' title='bbox 878 833 958 885; x_wconf 90' lang='lat' dir='ltr'><strong>Anus</strong></span> <span class='ocrx_word' id='word_1_83' title='bbox 1014 830 1132 898; x_wconf 87' lang='lat' dir='ltr'><strong>tendite,</strong></span> <span class='ocrx_word' id='word_1_84' title='bbox 1154 845 1189 884; x_wconf 89' lang='lat' dir='ltr'><strong>ne</strong></span> <span class='ocrx_word' id='word_1_85' title='bbox 1203 835 1361 901; x_wconf 83' lang='lat' dir='ltr'><strong>graventur</strong></span> <span class='ocrx_word' id='word_1_86' title='bbox 1375 831 1464 886; x_wconf 87' lang='lat' dir='ltr'><strong>corda</strong></span> <span class='ocrx_word' id='word_1_87' title='bbox 1478 836 1575 888; x_wconf 87' lang='lat' dir='ltr'><strong>vestra</strong></span> <span class='ocrx_word' id='word_1_88' title='bbox 1603 832 1632 888; x_wconf 93' lang='lat' dir='ltr'><strong>in</strong></span> <span class='ocrx_word' id='word_1_89' title='bbox 1659 833 1796 906; x_wconf 81' lang='lat' dir='ltr'><strong>crapula,</strong></span> <span class='ocrx_word' id='word_1_90' title='bbox 1816 840 1843 893; x_wconf 90' lang='lat' dir='ltr'><strong>et</strong></span> 
     </span>
     <span class='ocr_line' id='line_1_8' title="bbox 136 917 1843 995; baseline -0.009 -5"><span class='ocrx_word' id='word_1_91' title='bbox 136 933 271 990; x_wconf 90' lang='lat' dir='ltr'><strong>similiter</strong></span> <span class='ocrx_word' id='word_1_92' title='bbox 290 932 318 985; x_wconf 92' lang='lat' dir='ltr'><strong>in</strong></span> <span class='ocrx_word' id='word_1_93' title='bbox 334 929 436 985; x_wconf 89' lang='lat' dir='ltr'><strong>habitu</strong></span> <span class='ocrx_word' id='word_1_94' title='bbox 452 931 564 992; x_wconf 84' lang='lat' dir='ltr'><strong>sancto,</strong></span> <span class='ocrx_word' id='word_1_95' title='bbox 576 948 591 975; x_wconf 87' lang='lat'>»</span> <span class='ocrx_word' id='word_1_96' title='bbox 608 921 833 981; x_wconf 89' lang='lat' dir='ltr'><strong>similitudinem</strong></span> <span class='ocrx_word' id='word_1_97' title='bbox 847 933 959 975; x_wconf 87' lang='lat' dir='ltr'><strong>anuum</strong></span> <span class='ocrx_word' id='word_1_98' title='bbox 1014 917 1163 980; x_wconf 87' lang='lat' dir='ltr'><strong>ebrietate,</strong></span> <span class='ocrx_word' id='word_1_99' title='bbox 1175 923 1204 974; x_wconf 91' lang='lat' dir='ltr'><strong>et</strong></span> <span class='ocrx_word' id='word_1_100' title='bbox 1220 919 1298 973; x_wconf 88' lang='lat' dir='ltr'><strong>curis</strong></span> <span class='ocrx_word' id='word_1_101' title='bbox 1313 918 1402 990; x_wconf 84' lang='lat' dir='ltr'><strong>hujus</strong></span> <span class='ocrx_word' id='word_1_102' title='bbox 1417 919 1489 974; x_wconf 83' lang='lat' dir='ltr'><strong>vitoe.</strong></span> <span class='ocrx_word' id='word_1_103' title='bbox 1507 920 1620 993; x_wconf 84' lang='lat' dir='ltr'><strong>Sobria,</strong></span> <span class='ocrx_word' id='word_1_104' title='bbox 1640 921 1739 993; x_wconf 86' lang='lat' dir='ltr'><strong>juste,</strong></span> <span class='ocrx_word' id='word_1_105' title='bbox 1755 926 1786 978; x_wconf 88' lang='lat' dir='ltr'><strong>et</strong></span> <span class='ocrx_word' id='word_1_106' title='bbox 1799 924 1843 995; x_wconf 84' lang='lat' dir='ltr'><strong>pis</strong></span> 
     </span>
     <span class='ocr_line' id='line_1_9' title="bbox 136 1006 1842 1081; baseline -0.011 -4"><span class='ocrx_word' id='word_1_107' title='bbox 136 1022 304 1079; x_wconf 79' lang='lat' dir='ltr'><strong>dixeramus</strong></span> <span class='ocrx_word' id='word_1_108' title='bbox 320 1020 355 1074; x_wconf 94' lang='lat' dir='ltr'><strong>ad</strong></span> <span class='ocrx_word' id='word_1_109' title='bbox 371 1033 456 1073; x_wconf 87' lang='lat' dir='ltr'><strong>senes</strong></span> <span class='ocrx_word' id='word_1_110' title='bbox 471 1031 535 1072; x_wconf 89' lang='lat' dir='ltr'><strong>esse</strong></span> <span class='ocrx_word' id='word_1_111' title='bbox 551 1012 730 1070; x_wconf 73' lang='lat' dir='ltr'><strong>referendam</strong></span> <span class='ocrx_word' id='word_1_112' title='bbox 743 1027 751 1077; x_wconf 84' lang='lat'><strong>;</strong></span> <span class='ocrx_word' id='word_1_113' title='bbox 781 1009 822 1064; x_wconf 91' lang='lat' dir='ltr'><strong>ita</strong></span> <span class='ocrx_word' id='word_1_114' title='bbox 837 1023 914 1062; x_wconf 89' lang='lat' dir='ltr'><strong>nuno</strong></span> <span class='ocrx_word' id='word_1_115' title='bbox 929 1006 958 1060; x_wconf 91' lang='lat' dir='ltr'><strong>in</strong></span> <span class='ocrx_word' id='word_1_116' title='bbox 1013 1006 1145 1062; x_wconf 87' lang='lat' dir='ltr'><strong>vivamus</strong></span> <span class='ocrx_word' id='word_1_117' title='bbox 1155 1007 1182 1061; x_wconf 92' lang='lat' dir='ltr'><strong>in</strong></span> <span class='ocrx_word' id='word_1_118' title='bbox 1192 1007 1359 1064; x_wconf 84' lang='lat' dir='ltr'><strong>hocsaeeulo</strong></span> <span class='ocrx_word' id='word_1_119' title='bbox 1370 1009 1445 1081; x_wconf 83' lang='lat' dir='ltr'><strong>(Lac.</strong></span> <span class='ocrx_word' id='word_1_120' title='bbox 1456 1025 1514 1078; x_wconf 83' lang='lat' dir='ltr'><strong>xm,</strong></span> <span class='ocrx_word' id='word_1_121' title='bbox 1525 1009 1603 1081; x_wconf 75' lang='grc'>31).»</span> <span class='ocrx_word' id='word_1_122' title='bbox 1621 1011 1778 1068; x_wconf 79' lang='lat' dir='ltr'><strong>Admonet</strong></span> <span class='ocrx_word' id='word_1_123' title='bbox 1792 1029 1842 1068; x_wconf 84' lang='lat' dir='ltr'><strong>uos</strong></span> 
     </span>
     <span class='ocr_line' id='line_1_10' title="bbox 137 1095 1841 1183; baseline -0.005 -15"><span class='ocrx_word' id='word_1_124' title='bbox 137 1128 169 1168; x_wconf 92' lang='lat' dir='ltr'><strong>eo</strong></span> <span class='ocrx_word' id='word_1_125' title='bbox 185 1110 262 1183; x_wconf 91' lang='lat' dir='ltr'><strong>quod</strong></span> <span class='ocrx_word' id='word_1_126' title='bbox 279 1106 395 1163; x_wconf 90' lang='lat' dir='ltr'><strong>intulit:</strong></span> <span class='ocrx_word' id='word_1_127' title='bbox 409 1107 556 1162; x_wconf 83' lang='lat' dir='ltr'><strong>«invenes</strong></span> <span class='ocrx_word' id='word_1_128' title='bbox 572 1099 844 1164; x_wconf 88' lang='lat' dir='ltr'><strong>similiterhortare,</strong></span> <span class='ocrx_word' id='word_1_129' title='bbox 859 1100 891 1151; x_wconf 94' lang='lat' dir='ltr'><strong>ut</strong></span> <span class='ocrx_word' id='word_1_130' title='bbox 905 1112 959 1167; x_wconf 92' lang='lat' dir='ltr'><strong>pu·</strong></span> <span class='ocrx_word' id='word_1_131' title='bbox 1014 1096 1131 1168; x_wconf 87' lang='lat' dir='ltr'><strong>quidem</strong></span> <span class='ocrx_word' id='word_1_132' title='bbox 1148 1095 1206 1152; x_wconf 87' lang='lat' dir='ltr'><strong>alio</strong></span> <span class='ocrx_word' id='word_1_133' title='bbox 1221 1095 1283 1154; x_wconf 90' lang='lat' dir='ltr'><strong>loco</strong></span> <span class='ocrx_word' id='word_1_134' title='bbox 1298 1097 1376 1153; x_wconf 90' lang='lat' dir='ltr'><strong>idem</strong></span> <span class='ocrx_word' id='word_1_135' title='bbox 1392 1098 1495 1155; x_wconf 86' lang='lat' dir='ltr'><strong>beatus</strong></span> <span class='ocrx_word' id='word_1_136' title='bbox 1520 1098 1691 1171; x_wconf 82' lang='lat' dir='ltr'><strong>Apostolus.</strong></span> <span class='ocrx_word' id='word_1_137' title='bbox 1717 1100 1841 1159; x_wconf 81' lang='lat' dir='ltr'><strong>dicens:</strong></span> 
     </span>
     <span class='ocr_line' id='line_1_11' title="bbox 138 1185 1843 1266; baseline -0.009 -9"><span class='ocrx_word' id='word_1_138' title='bbox 138 1199 196 1257; x_wconf 85' lang='lat' dir='ltr'><strong>diei</strong></span> <span class='ocrx_word' id='word_1_139' title='bbox 208 1200 278 1266; x_wconf 89' lang='lat' dir='ltr'><strong>sint,</strong></span> <span class='ocrx_word' id='word_1_140' title='bbox 295 1220 309 1246; x_wconf 75' lang='lat' dir='ltr'><strong>a</strong></span> <span class='ocrx_word' id='word_1_141' title='bbox 326 1193 549 1253; x_wconf 88' lang='lat' dir='ltr'><strong>similitudinem</strong></span> <span class='ocrx_word' id='word_1_142' title='bbox 562 1192 705 1262; x_wconf 85' lang='lat' dir='ltr'><strong>juvenum</strong></span> <span class='ocrx_word' id='word_1_143' title='bbox 716 1189 752 1243; x_wconf 89' lang='lat' dir='ltr'><strong>ad</strong></span> <span class='ocrx_word' id='word_1_144' title='bbox 764 1203 848 1252; x_wconf 90' lang='lat' dir='ltr'><strong>anns,</strong></span> <span class='ocrx_word' id='word_1_145' title='bbox 865 1189 894 1240; x_wconf 89' lang='lat' dir='ltr'><strong>et</strong></span> <span class='ocrx_word' id='word_1_146' title='bbox 909 1200 960 1254; x_wconf 88' lang='lat' dir='ltr'><strong>per</strong></span> <span class='ocrx_word' id='word_1_147' title='bbox 1013 1207 1026 1233; x_wconf 70' lang='lat' dir='ltr'><strong>a</strong></span> <span class='ocrx_word' id='word_1_148' title='bbox 1039 1185 1103 1240; x_wconf 91' lang='lat' dir='ltr'><strong>Non</strong></span> <span class='ocrx_word' id='word_1_149' title='bbox 1115 1185 1181 1257; x_wconf 87' lang='lat' dir='ltr'><strong>ptus</strong></span> <span class='ocrx_word' id='word_1_150' title='bbox 1192 1202 1303 1257; x_wconf 80' lang='lat' dir='ltr'><strong>sapere,</strong></span> <span class='ocrx_word' id='word_1_151' title='bbox 1315 1201 1404 1257; x_wconf 89' lang='lat' dir='ltr'><strong>quam</strong></span> <span class='ocrx_word' id='word_1_152' title='bbox 1415 1191 1530 1258; x_wconf 88' lang='lat' dir='ltr'><strong>oportet</strong></span> <span class='ocrx_word' id='word_1_153' title='bbox 1541 1204 1654 1259; x_wconf 87' lang='lat' dir='ltr'><strong>sapere,</strong></span> <span class='ocrx_word' id='word_1_154' title='bbox 1668 1189 1722 1246; x_wconf 90' lang='lat' dir='ltr'><strong>sed</strong></span> <span class='ocrx_word' id='word_1_155' title='bbox 1740 1206 1843 1263; x_wconf 85' lang='lat' dir='ltr'><strong>sapere</strong></span> 
     </span>
     <span class='ocr_line' id='line_1_12' title="bbox 141 1271 1842 1351; baseline -0.014 -4"><span class='ocrx_word' id='word_1_156' title='bbox 141 1307 215 1346; x_wconf 91' lang='lat' dir='ltr'><strong>anus</strong></span> <span class='ocrx_word' id='word_1_157' title='bbox 232 1289 267 1344; x_wconf 89' lang='lat' dir='ltr'><strong>nd</strong></span> <span class='ocrx_word' id='word_1_158' title='bbox 279 1302 363 1341; x_wconf 87' lang='lat' dir='ltr'><strong>senes</strong></span> <span class='ocrx_word' id='word_1_159' title='bbox 375 1284 551 1340; x_wconf 87' lang='lat' dir='ltr'><strong>arbitramur</strong></span> <span class='ocrx_word' id='word_1_160' title='bbox 565 1278 733 1351; x_wconf 89' lang='lat' dir='ltr'><strong>aptandam,</strong></span> <span class='ocrx_word' id='word_1_161' title='bbox 746 1280 778 1331; x_wconf 90' lang='lat' dir='ltr'><strong>ut</strong></span> <span class='ocrx_word' id='word_1_162' title='bbox 789 1289 893 1330; x_wconf 88' lang='lat' dir='ltr'><strong>senum</strong></span> <span class='ocrx_word' id='word_1_163' title='bbox 907 1271 959 1327; x_wconf 90' lang='lat' dir='ltr'><strong>ha·</strong></span> <span class='ocrx_word' id='word_1_164' title='bbox 1012 1276 1048 1330; x_wconf 90' lang='lat' dir='ltr'><strong>ad</strong></span> <span class='ocrx_word' id='word_1_165' title='bbox 1060 1274 1248 1330; x_wconf 89' lang='lat' dir='ltr'><strong>sobrietatem</strong></span> <span class='ocrx_word' id='word_1_166' title='bbox 1264 1277 1351 1344; x_wconf 82' lang='lat' dir='ltr'><strong>(Rom.</strong></span> <span class='ocrx_word' id='word_1_167' title='bbox 1364 1291 1415 1343; x_wconf 84' lang='lat'><strong>111,</strong></span> <span class='ocrx_word' id='word_1_168' title='bbox 1425 1277 1463 1346; x_wconf 89' lang='grc'><strong>3).</strong></span> <span class='ocrx_word' id='word_1_169' title='bbox 1482 1300 1492 1326; x_wconf 84' lang='grc' dir='ltr'>ι</span> <span class='ocrx_word' id='word_1_170' title='bbox 1511 1276 1725 1334; x_wconf 70' lang='lat' dir='ltr'><strong>Verumtamen</strong></span> <span class='ocrx_word' id='word_1_171' title='bbox 1742 1279 1774 1334; x_wconf 78' lang='lat' dir='ltr'><strong>in</strong></span> <span class='ocrx_word' id='word_1_172' title='bbox 1791 1278 1842 1336; x_wconf 66' lang='grc'><strong>000</strong></span> 
     </span>
     <span class='ocr_line' id='line_1_13' title="bbox 139 1361 1842 1441; baseline -0.008 -5"><span class='ocrx_word' id='word_1_173' title='bbox 139 1382 228 1437; x_wconf 90' lang='lat' dir='ltr'><strong>beant</strong></span> <span class='ocrx_word' id='word_1_174' title='bbox 248 1375 444 1441; x_wconf 88' lang='lat' dir='ltr'><strong>sobrietatem,</strong></span> <span class='ocrx_word' id='word_1_175' title='bbox 461 1375 490 1425; x_wconf 91' lang='lat' dir='ltr'><strong>et</strong></span> <span class='ocrx_word' id='word_1_176' title='bbox 515 1368 630 1424; x_wconf 89' lang='lat' dir='ltr'><strong>bonesti</strong></span> <span class='ocrx_word' id='word_1_177' title='bbox 659 1366 727 1430; x_wconf 90' lang='lat' dir='ltr'><strong>sint,</strong></span> <span class='ocrx_word' id='word_1_178' title='bbox 748 1368 777 1419; x_wconf 90' lang='lat' dir='ltr'><strong>et</strong></span> <span class='ocrx_word' id='word_1_179' title='bbox 805 1361 913 1438; x_wconf 89' lang='lat' dir='ltr'><strong>pudici,</strong></span> <span class='ocrx_word' id='word_1_180' title='bbox 930 1366 959 1417; x_wconf 89' lang='lat' dir='ltr'><strong>et</strong></span> <span class='ocrx_word' id='word_1_181' title='bbox 1012 1364 1160 1435; x_wconf 85' lang='lat' dir='ltr'><strong>tripartita</strong></span> <span class='ocrx_word' id='word_1_182' title='bbox 1173 1363 1326 1431; x_wconf 85' lang='lat' dir='ltr'><strong>divisione,</strong></span> <span class='ocrx_word' id='word_1_183' title='bbox 1342 1363 1371 1419; x_wconf 91' lang='lat' dir='ltr'><strong>in</strong></span> <span class='ocrx_word' id='word_1_184' title='bbox 1387 1381 1446 1437; x_wconf 91' lang='lat' dir='ltr'><strong>qua</strong></span> <span class='ocrx_word' id='word_1_185' title='bbox 1457 1364 1538 1431; x_wconf 89' lang='lat' dir='ltr'><strong>dicit,</strong></span> <span class='ocrx_word' id='word_1_186' title='bbox 1549 1370 1581 1421; x_wconf 92' lang='lat' dir='ltr'><strong>nt</strong></span> <span class='ocrx_word' id='word_1_187' title='bbox 1593 1366 1842 1439; x_wconf 80' lang='lat' dir='ltr'><strong>sobrie,etJ&#39;nsts,</strong></span> 
     </span>
     <span class='ocr_line' id='line_1_14' title="bbox 138 1450 1868 1534; baseline -0.009 -9"><span class='ocrx_word' id='word_1_188' title='bbox 138 1468 202 1525; x_wconf 90' lang='lat' dir='ltr'><strong>sani</strong></span> <span class='ocrx_word' id='word_1_189' title='bbox 222 1468 251 1522; x_wconf 91' lang='lat' dir='ltr'><strong>in</strong></span> <span class='ocrx_word' id='word_1_190' title='bbox 267 1465 333 1534; x_wconf 88' lang='lat' dir='ltr'><strong>lide,</strong></span> <span class='ocrx_word' id='word_1_191' title='bbox 359 1467 387 1517; x_wconf 87' lang='lat' dir='ltr'><strong>et</strong></span> <span class='ocrx_word' id='word_1_192' title='bbox 410 1458 561 1524; x_wconf 89' lang='lat' dir='ltr'><strong>charitate,</strong></span> <span class='ocrx_word' id='word_1_193' title='bbox 586 1463 614 1512; x_wconf 87' lang='lat' dir='ltr'><strong>ct</strong></span> <span class='ocrx_word' id='word_1_194' title='bbox 638 1455 797 1528; x_wconf 83' lang='lat' dir='ltr'><strong>patientia;</strong></span> <span class='ocrx_word' id='word_1_195' title='bbox 815 1456 846 1507; x_wconf 91' lang='lat' dir='ltr'><strong>ut</strong></span> <span class='ocrx_word' id='word_1_196' title='bbox 860 1450 957 1524; x_wconf 89' lang='lat' dir='ltr'><strong>pudici</strong></span> <span class='ocrx_word' id='word_1_197' title='bbox 1012 1455 1040 1507; x_wconf 89' lang='lat' dir='ltr'><strong>et</strong></span> <span class='ocrx_word' id='word_1_198' title='bbox 1056 1452 1101 1524; x_wconf 91' lang='lat' dir='ltr'><strong>pie</strong></span> <span class='ocrx_word' id='word_1_199' title='bbox 1114 1452 1257 1522; x_wconf 89' lang='lat' dir='ltr'><strong>vivamus,</strong></span> <span class='ocrx_word' id='word_1_200' title='bbox 1271 1451 1478 1520; x_wconf 89' lang='lat' dir='ltr'><strong>videturmihi,</strong></span> <span class='ocrx_word' id='word_1_201' title='bbox 1495 1453 1564 1525; x_wconf 91' lang='lat' dir='ltr'><strong>quia</strong></span> <span class='ocrx_word' id='word_1_202' title='bbox 1577 1451 1628 1510; x_wconf 89' lang='lat' dir='ltr'><strong>ille</strong></span> <span class='ocrx_word' id='word_1_203' title='bbox 1643 1453 1749 1510; x_wconf 87' lang='lat' dir='ltr'><strong>sobrie</strong></span> <span class='ocrx_word' id='word_1_204' title='bbox 1763 1456 1841 1525; x_wconf 87' lang='lat' dir='ltr'><strong>vivit,</strong></span> <span class='ocrx_word' id='word_1_205' title='bbox 1863 1491 1868 1499; x_wconf 87' lang='lat'><em>·</em></span> 
     </span>
     <span class='ocr_line' id='line_1_15' title="bbox 139 1539 1842 1618; baseline -0.008 -5"><span class='ocrx_word' id='word_1_206' title='bbox 139 1558 200 1613; x_wconf 88' lang='lat' dir='ltr'><strong>sint</strong></span> <span class='ocrx_word' id='word_1_207' title='bbox 214 1550 400 1618; x_wconf 88' lang='lat' dir='ltr'><strong>inomnibus,</strong></span> <span class='ocrx_word' id='word_1_208' title='bbox 411 1553 471 1604; x_wconf 87' lang='lat' dir='ltr'><strong>tarn</strong></span> <span class='ocrx_word' id='word_1_209' title='bbox 482 1545 592 1602; x_wconf 89' lang='lat' dir='ltr'><strong>scilicet</strong></span> <span class='ocrx_word' id='word_1_210' title='bbox 608 1549 714 1607; x_wconf 88' lang='lat' dir='ltr'><strong>mente,</strong></span> <span class='ocrx_word' id='word_1_211' title='bbox 727 1559 814 1614; x_wconf 88' lang='lat' dir='ltr'><strong>quum</strong></span> <span class='ocrx_word' id='word_1_212' title='bbox 827 1555 957 1610; x_wconf 90' lang='lat' dir='ltr'><strong>corpore,</strong></span> <span class='ocrx_word' id='word_1_213' title='bbox 1012 1541 1061 1611; x_wconf 93' lang='lat' dir='ltr'><strong>qui</strong></span> <span class='ocrx_word' id='word_1_214' title='bbox 1077 1558 1134 1597; x_wconf 93' lang='lat' dir='ltr'><strong>uon</strong></span> <span class='ocrx_word' id='word_1_215' title='bbox 1150 1540 1283 1613; x_wconf 90' lang='lat' dir='ltr'><strong>sequitur</strong></span> <span class='ocrx_word' id='word_1_216' title='bbox 1292 1539 1503 1596; x_wconf 87' lang='lat' dir='ltr'><strong>delectamenta</strong></span> <span class='ocrx_word' id='word_1_217' title='bbox 1513 1540 1636 1598; x_wconf 72' lang='lat' dir='ltr'><strong>luxuriae</strong></span> <span class='ocrx_word' id='word_1_218' title='bbox 1648 1561 1656 1610; x_wconf 91' lang='lat'>;</span> <span class='ocrx_word' id='word_1_219' title='bbox 1666 1544 1756 1614; x_wconf 76' lang='lat' dir='ltr'><strong>justo</strong></span> <span class='ocrx_word' id='word_1_220' title='bbox 1766 1543 1842 1615; x_wconf 88' lang='lat' dir='ltr'><strong>vivit,</strong></span> 
     </span>
     <span class='ocr_line' id='line_1_16' title="bbox 137 1628 1841 1715; baseline -0.007 -13"><span class='ocrx_word' id='word_1_221' title='bbox 137 1651 197 1702; x_wconf 89' lang='lat' dir='ltr'><strong>tam</strong></span> <span class='ocrx_word' id='word_1_222' title='bbox 213 1658 308 1715; x_wconf 90' lang='lat' dir='ltr'><strong>opere,</strong></span> <span class='ocrx_word' id='word_1_223' title='bbox 325 1655 413 1712; x_wconf 85' lang='lat' dir='ltr'><strong>quam</strong></span> <span class='ocrx_word' id='word_1_224' title='bbox 429 1633 621 1709; x_wconf 81' lang='lat' dir='ltr'><strong>cogitatione,-</strong></span> <span class='ocrx_word' id='word_1_225' title='bbox 637 1637 670 1688; x_wconf 91' lang='lat' dir='ltr'><strong>nt</strong></span> <span class='ocrx_word' id='word_1_226' title='bbox 692 1630 774 1687; x_wconf 89' lang='lat' dir='ltr'><strong>nulla</strong></span> <span class='ocrx_word' id='word_1_227' title='bbox 788 1630 826 1685; x_wconf 88' lang='lat' dir='ltr'><strong>sit</strong></span> <span class='ocrx_word' id='word_1_228' title='bbox 842 1628 870 1683; x_wconf 91' lang='lat' dir='ltr'><strong>iu</strong></span> <span class='ocrx_word' id='word_1_229' title='bbox 887 1629 955 1683; x_wconf 91' lang='lat' dir='ltr'><strong>ado·</strong></span> <span class='ocrx_word' id='word_1_230' title='bbox 1011 1628 1061 1700; x_wconf 93' lang='lat' dir='ltr'><strong>qui</strong></span> <span class='ocrx_word' id='word_1_231' title='bbox 1078 1629 1241 1701; x_wconf 83' lang='lat' dir='ltr'><strong>proximum</strong></span> <span class='ocrx_word' id='word_1_232' title='bbox 1258 1628 1427 1684; x_wconf 90' lang='lat' dir='ltr'><strong>nullatenus</strong></span> <span class='ocrx_word' id='word_1_233' title='bbox 1441 1628 1531 1697; x_wconf 80' lang='lat' dir='ltr'><strong>laedit,</strong></span> <span class='ocrx_word' id='word_1_234' title='bbox 1556 1635 1585 1686; x_wconf 90' lang='lat' dir='ltr'><strong>et</strong></span> <span class='ocrx_word' id='word_1_235' title='bbox 1598 1631 1625 1686; x_wconf 91' lang='lat' dir='ltr'><strong>ei</strong></span> <span class='ocrx_word' id='word_1_236' title='bbox 1642 1631 1841 1701; x_wconf 82' lang='lat' dir='ltr'><strong>beneficia,in</strong></span> 
     </span>
     <span class='ocr_line' id='line_1_17' title="bbox 134 1717 1842 1799; baseline -0.006 -11"><span class='ocrx_word' id='word_1_237' title='bbox 134 1734 262 1791; x_wconf 87' lang='lat' dir='ltr'><strong>lescento</strong></span> <span class='ocrx_word' id='word_1_238' title='bbox 278 1727 406 1799; x_wconf 89' lang='lat' dir='ltr'><strong>suspicio</strong></span> <span class='ocrx_word' id='word_1_239' title='bbox 418 1722 619 1796; x_wconf 87' lang='lat' dir='ltr'><strong>turpitudinis.</strong></span> <span class='ocrx_word' id='word_1_240' title='bbox 1011 1724 1155 1788; x_wconf 90' lang='lat' dir='ltr'><strong>quantum</strong></span> <span class='ocrx_word' id='word_1_241' title='bbox 1171 1717 1257 1783; x_wconf 84' lang='lat' dir='ltr'><strong>valet,</strong></span> <span class='ocrx_word' id='word_1_242' title='bbox 1269 1717 1414 1790; x_wconf 89' lang='lat' dir='ltr'><strong>impendit</strong></span> <span class='ocrx_word' id='word_1_243' title='bbox 1426 1734 1433 1785; x_wconf 89' lang='grc'><strong>;</strong></span> <span class='ocrx_word' id='word_1_244' title='bbox 1451 1719 1495 1790; x_wconf 85' lang='lat' dir='ltr'><strong>pie</strong></span> <span class='ocrx_word' id='word_1_245' title='bbox 1509 1719 1588 1788; x_wconf 88' lang='lat' dir='ltr'><strong>vivit,</strong></span> <span class='ocrx_word' id='word_1_246' title='bbox 1604 1719 1688 1792; x_wconf 87' lang='lat' dir='ltr'><strong>quia</strong></span> <span class='ocrx_word' id='word_1_247' title='bbox 1702 1722 1842 1781; x_wconf 82' lang='lat' dir='ltr'><strong>societate</strong></span> 
     </span>
     <span class='ocr_line' id='line_1_18' title="bbox 171 1805 1840 1885; baseline -0.004 -14"><span class='ocrx_word' id='word_1_248' title='bbox 171 1845 185 1872; x_wconf 72' lang='grc' dir='ltr'><strong>α</strong></span> <span class='ocrx_word' id='word_1_249' title='bbox 203 1825 234 1876; x_wconf 85' lang='lat' dir='ltr'><strong>tn</strong></span> <span class='ocrx_word' id='word_1_250' title='bbox 245 1817 383 1875; x_wconf 91' lang='lat' dir='ltr'><strong>omnibus</strong></span> <span class='ocrx_word' id='word_1_251' title='bbox 393 1812 520 1885; x_wconf 89' lang='lat' dir='ltr'><strong>teipsum</strong></span> <span class='ocrx_word' id='word_1_252' title='bbox 532 1811 626 1884; x_wconf 87' lang='lat' dir='ltr'><strong>praebe</strong></span> <span class='ocrx_word' id='word_1_253' title='bbox 637 1807 802 1881; x_wconf 82' lang='lat' dir='ltr'><strong>exemplum</strong></span> <span class='ocrx_word' id='word_1_254' title='bbox 813 1808 955 1864; x_wconf 88' lang='lat' dir='ltr'><strong>bonorum</strong></span> <span class='ocrx_word' id='word_1_255' title='bbox 1011 1805 1215 1862; x_wconf 84' lang='lat' dir='ltr'><strong>ecclesiastica</strong></span> <span class='ocrx_word' id='word_1_256' title='bbox 1231 1806 1353 1862; x_wconf 90' lang='lat' dir='ltr'><strong>unitatis</strong></span> <span class='ocrx_word' id='word_1_257' title='bbox 1382 1805 1463 1863; x_wconf 89' lang='lat' dir='ltr'><strong>nulla</strong></span> <span class='ocrx_word' id='word_1_258' title='bbox 1491 1807 1601 1865; x_wconf 85' lang='lat' dir='ltr'><strong>rationo</strong></span> <span class='ocrx_word' id='word_1_259' title='bbox 1622 1808 1779 1881; x_wconf 68' lang='lat' dir='ltr'><strong>discedit,</strong></span> <span class='ocrx_word' id='word_1_260' title='bbox 1795 1811 1840 1869; x_wconf 80' lang='lat' dir='ltr'><strong>sed</strong></span> 
     </span>
     <span class='ocr_line' id='line_1_19' title="bbox 136 1895 1839 1982; baseline -0.006 -16"><span class='ocrx_word' id='word_1_261' title='bbox 136 1926 267 1982; x_wconf 87' lang='lat' dir='ltr'><strong>operum,</strong></span> <span class='ocrx_word' id='word_1_262' title='bbox 287 1929 301 1957; x_wconf 74' lang='lat' dir='ltr'><strong>a</strong></span> <span class='ocrx_word' id='word_1_263' title='bbox 316 1903 395 1961; x_wconf 89' lang='lat' dir='ltr'><strong>Nihil</strong></span> <span class='ocrx_word' id='word_1_264' title='bbox 409 1903 487 1959; x_wconf 87' lang='lat' dir='ltr'><strong>enirn</strong></span> <span class='ocrx_word' id='word_1_265' title='bbox 501 1901 620 1974; x_wconf 90' lang='lat' dir='ltr'><strong>prodest</strong></span> <span class='ocrx_word' id='word_1_266' title='bbox 630 1898 756 1970; x_wconf 90' lang='lat' dir='ltr'><strong>aliquem</strong></span> <span class='ocrx_word' id='word_1_267' title='bbox 768 1896 956 1952; x_wconf 86' lang='lat' dir='ltr'><strong>exercitatum</strong></span> <span class='ocrx_word' id='word_1_268' title='bbox 1012 1896 1089 1951; x_wconf 88' lang='lat' dir='ltr'><strong>intra</strong></span> <span class='ocrx_word' id='word_1_269' title='bbox 1101 1895 1259 1951; x_wconf 81' lang='lat' dir='ltr'><strong>Ecclesiam</strong></span> <span class='ocrx_word' id='word_1_270' title='bbox 1276 1895 1398 1966; x_wconf 90' lang='lat' dir='ltr'><strong>positus,</strong></span> <span class='ocrx_word' id='word_1_271' title='bbox 1415 1912 1459 1963; x_wconf 91' lang='lat' dir='ltr'><strong>ea,</strong></span> <span class='ocrx_word' id='word_1_272' title='bbox 1476 1912 1540 1968; x_wconf 83' lang='lat' dir='ltr'><strong>quae</strong></span> <span class='ocrx_word' id='word_1_273' title='bbox 1566 1897 1742 1954; x_wconf 84' lang='lat' dir='ltr'><strong>certissime</strong></span> <span class='ocrx_word' id='word_1_274' title='bbox 1756 1900 1839 1973; x_wconf 88' lang='lat' dir='ltr'><strong>novit,</strong></span> 
     </span>
     <span class='ocr_line' id='line_1_20' title="bbox 133 1983 1838 2062; baseline -0.005 -8"><span class='ocrx_word' id='word_1_275' title='bbox 133 2015 197 2055; x_wconf 89' lang='lat' dir='ltr'><strong>esse</strong></span> <span class='ocrx_word' id='word_1_276' title='bbox 213 1999 241 2053; x_wconf 91' lang='lat' dir='ltr'><strong>in</strong></span> <span class='ocrx_word' id='word_1_277' title='bbox 258 1995 389 2062; x_wconf 88' lang='lat' dir='ltr'><strong>dicendo,</strong></span> <span class='ocrx_word' id='word_1_278' title='bbox 406 1997 434 2049; x_wconf 87' lang='lat' dir='ltr'><strong>et</strong></span> <span class='ocrx_word' id='word_1_279' title='bbox 448 1989 672 2062; x_wconf 84' lang='lat' dir='ltr'><strong>adloquendum</strong></span> <span class='ocrx_word' id='word_1_280' title='bbox 688 1983 954 2057; x_wconf 89' lang='lat' dir='ltr'><strong>trivisselingnam,</strong></span> <span class='ocrx_word' id='word_1_281' title='bbox 1011 1984 1289 2040; x_wconf 83' lang='lat' dir='ltr'><strong>adscisntiamvera</strong></span> <span class='ocrx_word' id='word_1_282' title='bbox 1302 1983 1368 2039; x_wconf 84' lang='lat' dir='ltr'><strong>tidei</strong></span> <span class='ocrx_word' id='word_1_283' title='bbox 1380 1984 1838 2057; x_wconf 87' lang='lat' dir='ltr'><strong>pertinersindubitantertenst;</strong></span> 
     </span>
     <span class='ocr_line' id='line_1_21' title="bbox 132 2073 1837 2160; baseline -0.013 -17"><span class='ocrx_word' id='word_1_284' title='bbox 132 2089 189 2145; x_wconf 89' lang='lat' dir='ltr'><strong>nisi</strong></span> <span class='ocrx_word' id='word_1_285' title='bbox 203 2086 269 2160; x_wconf 90' lang='lat' dir='ltr'><strong>plus</strong></span> <span class='ocrx_word' id='word_1_286' title='bbox 283 2081 414 2156; x_wconf 81' lang='lat' dir='ltr'><strong>exemplo</strong></span> <span class='ocrx_word' id='word_1_287' title='bbox 429 2078 569 2146; x_wconf 87' lang='lat' dir='ltr'><strong>docuerit,</strong></span> <span class='ocrx_word' id='word_1_288' title='bbox 586 2094 673 2148; x_wconf 86' lang='lat' dir='ltr'><strong>quam</strong></span> <span class='ocrx_word' id='word_1_289' title='bbox 689 2076 785 2130; x_wconf 85' lang='lat' dir='ltr'><strong>verbo.</strong></span> <span class='ocrx_word' id='word_1_290' title='bbox 1010 2074 1059 2129; x_wconf 77' lang='lat' dir='ltr'><strong>i‘ts</strong></span> <span class='ocrx_word' id='word_1_291' title='bbox 1075 2091 1152 2139; x_wconf 77' lang='lat' dir='ltr'><strong>vero,</strong></span> <span class='ocrx_word' id='word_1_292' title='bbox 1168 2090 1232 2145; x_wconf 79' lang='lat' dir='ltr'><strong>quae</strong></span> <span class='ocrx_word' id='word_1_293' title='bbox 1249 2073 1373 2144; x_wconf 64' lang='lat' dir='ltr'><strong>ignor-at,</strong></span> <span class='ocrx_word' id='word_1_294' title='bbox 1389 2077 1439 2128; x_wconf 71' lang='grc'><strong>00(</strong></span> <span class='ocrx_word' id='word_1_295' title='bbox 1454 2073 1490 2129; x_wconf 72' lang='lat' dir='ltr'><strong>ds</strong></span> <span class='ocrx_word' id='word_1_296' title='bbox 1512 2074 1621 2146; x_wconf 67' lang='lat' dir='ltr'><strong>quibus</strong></span> <span class='ocrx_word' id='word_1_297' title='bbox 1635 2075 1774 2146; x_wconf 65' lang='lat' dir='ltr'><strong>dubitat,</strong></span> <span class='ocrx_word' id='word_1_298' title='bbox 1789 2078 1837 2134; x_wconf 72' lang='lat' dir='ltr'><strong>hu.</strong></span> 
     </span>
     <span class='ocr_line' id='line_1_22' title="bbox 168 2160 1837 2238; baseline -0.005 -11"><span class='ocrx_word' id='word_1_299' title='bbox 168 2201 182 2227; x_wconf 70' lang='lat' dir='ltr'><strong>a</strong></span> <span class='ocrx_word' id='word_1_300' title='bbox 199 2177 303 2232; x_wconf 82' lang='lat' dir='ltr'><strong>Servos</strong></span> <span class='ocrx_word' id='word_1_301' title='bbox 319 2170 447 2229; x_wconf 90' lang='lat' dir='ltr'><strong>dominis</strong></span> <span class='ocrx_word' id='word_1_302' title='bbox 462 2169 524 2224; x_wconf 89' lang='lat' dir='ltr'><strong>suis</strong></span> <span class='ocrx_word' id='word_1_303' title='bbox 539 2166 675 2222; x_wconf 87' lang='lat' dir='ltr'><strong>subditos</strong></span> <span class='ocrx_word' id='word_1_304' title='bbox 687 2181 761 2221; x_wconf 88' lang='lat' dir='ltr'><strong>esse.</strong></span> <span class='ocrx_word' id='word_1_305' title='bbox 776 2165 804 2218; x_wconf 92' lang='lat' dir='ltr'><strong>in</strong></span> <span class='ocrx_word' id='word_1_306' title='bbox 816 2163 955 2218; x_wconf 88' lang='lat' dir='ltr'><strong>omnibus</strong></span> <span class='ocrx_word' id='word_1_307' title='bbox 1010 2162 1127 2228; x_wconf 74' lang='lat' dir='ltr'><strong>militer,</strong></span> <span class='ocrx_word' id='word_1_308' title='bbox 1143 2178 1177 2217; x_wconf 87' lang='lat' dir='ltr'><strong>ac</strong></span> <span class='ocrx_word' id='word_1_309' title='bbox 1192 2163 1335 2234; x_wconf 88' lang='lat' dir='ltr'><strong>patienter</strong></span> <span class='ocrx_word' id='word_1_310' title='bbox 1348 2160 1488 2233; x_wconf 87' lang='lat' dir='ltr'><strong>explorat,</strong></span> <span class='ocrx_word' id='word_1_311' title='bbox 1503 2163 1606 2230; x_wconf 88' lang='lat' dir='ltr'><strong>donec,</strong></span> <span class='ocrx_word' id='word_1_312' title='bbox 1624 2164 1651 2220; x_wconf 91' lang='lat' dir='ltr'><strong>si</strong></span> <span class='ocrx_word' id='word_1_313' title='bbox 1668 2166 1747 2238; x_wconf 90' lang='lat' dir='ltr'><strong>qnid</strong></span> <span class='ocrx_word' id='word_1_314' title='bbox 1759 2166 1837 2223; x_wconf 79' lang='lat' dir='ltr'><strong>aliter</strong></span> 
     </span>
     <span class='ocr_line' id='line_1_23' title="bbox 132 2251 1836 2338; baseline -0.013 -16"><span class='ocrx_word' id='word_1_315' title='bbox 132 2265 290 2338; x_wconf 88' lang='lat' dir='ltr'><strong>placentes,</strong></span> <span class='ocrx_word' id='word_1_316' title='bbox 308 2278 365 2317; x_wconf 90' lang='lat' dir='ltr'><strong>non</strong></span> <span class='ocrx_word' id='word_1_317' title='bbox 381 2257 621 2321; x_wconf 86' lang='lat' dir='ltr'><strong>contradicentes,</strong></span> <span class='ocrx_word' id='word_1_318' title='bbox 639 2271 696 2310; x_wconf 94' lang='lat' dir='ltr'><strong>nou</strong></span> <span class='ocrx_word' id='word_1_319' title='bbox 711 2253 892 2321; x_wconf 78' lang='lat' dir='ltr'><strong>fraudantes,</strong></span> <span class='ocrx_word' id='word_1_320' title='bbox 903 2252 953 2306; x_wconf 88' lang='lat' dir='ltr'><strong>scd</strong></span> <span class='ocrx_word' id='word_1_321' title='bbox 1009 2252 1095 2324; x_wconf 89' lang='lat' dir='ltr'><strong>sapit,</strong></span> <span class='ocrx_word' id='word_1_322' title='bbox 1108 2252 1165 2308; x_wconf 86' lang='lat' dir='ltr'><strong>Deo</strong></span> <span class='ocrx_word' id='word_1_323' title='bbox 1181 2251 1237 2308; x_wconf 89' lang='lat' dir='ltr'><strong>sibi</strong></span> <span class='ocrx_word' id='word_1_324' title='bbox 1252 2252 1396 2308; x_wconf 89' lang='lat' dir='ltr'><strong>revelante</strong></span> <span class='ocrx_word' id='word_1_325' title='bbox 1411 2257 1578 2324; x_wconf 87' lang='lat' dir='ltr'><strong>eognoscat.</strong></span> <span class='ocrx_word' id='word_1_326' title='bbox 1594 2253 1663 2310; x_wconf 80' lang='lat' dir='ltr'><strong>llaec</strong></span> <span class='ocrx_word' id='word_1_327' title='bbox 1679 2261 1786 2313; x_wconf 84' lang='lat' dir='ltr'><strong>entem</strong></span> <span class='ocrx_word' id='word_1_328' title='bbox 1798 2274 1836 2313; x_wconf 91' lang='lat' dir='ltr'><strong>so.</strong></span> 
     </span>
     <span class='ocr_line' id='line_1_24' title="bbox 132 2338 1836 2412; baseline -0.009 -5"><span class='ocrx_word' id='word_1_329' title='bbox 132 2354 163 2409; x_wconf 94' lang='lat' dir='ltr'><strong>in</strong></span> <span class='ocrx_word' id='word_1_330' title='bbox 179 2351 317 2408; x_wconf 90' lang='lat' dir='ltr'><strong>omnibus</strong></span> <span class='ocrx_word' id='word_1_331' title='bbox 329 2348 415 2403; x_wconf 88' lang='lat' dir='ltr'><strong>iidem</strong></span> <span class='ocrx_word' id='word_1_332' title='bbox 426 2345 531 2400; x_wconf 90' lang='lat' dir='ltr'><strong>bonam</strong></span> <span class='ocrx_word' id='word_1_333' title='bbox 544 2342 742 2407; x_wconf 86' lang='lat' dir='ltr'><strong>ostendentes,</strong></span> <span class='ocrx_word' id='word_1_334' title='bbox 752 2338 954 2394; x_wconf 90' lang='lat' dir='ltr'><strong>utdootriaam</strong></span> <span class='ocrx_word' id='word_1_335' title='bbox 1009 2341 1126 2407; x_wconf 88' lang='lat' dir='ltr'><strong>brietas,</strong></span> <span class='ocrx_word' id='word_1_336' title='bbox 1134 2340 1292 2411; x_wconf 70' lang='lat' dir='ltr'><strong>justitiam</strong></span> <span class='ocrx_word' id='word_1_337' title='bbox 1303 2340 1406 2412; x_wconf 86' lang='lat' dir='ltr'><strong>pietas,</strong></span> <span class='ocrx_word' id='word_1_338' title='bbox 1419 2357 1484 2412; x_wconf 82' lang='lat' dir='ltr'><strong>qua</strong></span> <span class='ocrx_word' id='word_1_339' title='bbox 1493 2341 1606 2397; x_wconf 88' lang='lat' dir='ltr'><strong>cunctis</strong></span> <span class='ocrx_word' id='word_1_340' title='bbox 1618 2343 1736 2401; x_wconf 87' lang='lat' dir='ltr'><strong>debent</strong></span> <span class='ocrx_word' id='word_1_341' title='bbox 1746 2345 1836 2402; x_wconf 61' lang='lat' dir='ltr'><strong>inesse</strong></span> 
     </span>
     <span class='ocr_line' id='line_1_25' title="bbox 132 2426 1835 2527; baseline -0.009 -30"><span class='ocrx_word' id='word_1_342' title='bbox 132 2426 955 2527; x_wconf 52' lang='lat' dir='ltr'><strong>Salvatorisnostrilgeiorneutincarnibus-Quoniam</strong></span> <span class='ocrx_word' id='word_1_343' title='bbox 1008 2428 1154 2495; x_wconf 82' lang='lat' dir='ltr'><strong>fidelibus,</strong></span> <span class='ocrx_word' id='word_1_344' title='bbox 1171 2429 1211 2483; x_wconf 91' lang='lat' dir='ltr'><strong>ita</strong></span> <span class='ocrx_word' id='word_1_345' title='bbox 1225 2428 1280 2483; x_wconf 88' lang='lat' dir='ltr'><strong>sibi</strong></span> <span class='ocrx_word' id='word_1_346' title='bbox 1296 2445 1429 2484; x_wconf 81' lang='lat' dir='ltr'><strong>connexa</strong></span> <span class='ocrx_word' id='word_1_347' title='bbox 1444 2434 1524 2498; x_wconf 90' lang='lat' dir='ltr'><strong>suut,</strong></span> <span class='ocrx_word' id='word_1_348' title='bbox 1555 2430 1633 2503; x_wconf 75' lang='lat' dir='ltr'><strong>utlsi</strong></span> <span class='ocrx_word' id='word_1_349' title='bbox 1658 2449 1835 2492; x_wconf 67' lang='lat' dir='ltr'><strong>aurearum</strong></span> 
     </span>
     <span class='ocr_line' id='line_1_26' title="bbox 133 2515 1834 2596; baseline -0.013 -9"><span class='ocrx_word' id='word_1_350' title='bbox 133 2529 286 2592; x_wconf 88' lang='lat' dir='ltr'><strong>Dominus,</strong></span> <span class='ocrx_word' id='word_1_351' title='bbox 302 2530 331 2583; x_wconf 90' lang='lat' dir='ltr'><strong>et</strong></span> <span class='ocrx_word' id='word_1_352' title='bbox 346 2523 479 2582; x_wconf 87' lang='lat' dir='ltr'><strong>Salvator</strong></span> <span class='ocrx_word' id='word_1_353' title='bbox 494 2525 603 2588; x_wconf 89' lang='lat' dir='ltr'><strong>noster,</strong></span> <span class='ocrx_word' id='word_1_354' title='bbox 617 2519 667 2590; x_wconf 91' lang='lat' dir='ltr'><strong>qui</strong></span> <span class='ocrx_word' id='word_1_355' title='bbox 682 2518 712 2572; x_wconf 90' lang='lat' dir='ltr'><strong>in</strong></span> <span class='ocrx_word' id='word_1_356' title='bbox 725 2516 878 2588; x_wconf 79' lang='lat' dir='ltr'><strong>Evangelio</strong></span> <span class='ocrx_word' id='word_1_357' title='bbox 893 2515 952 2570; x_wconf 87' lang='lat' dir='ltr'><strong>ait:</strong></span> <span class='ocrx_word' id='word_1_358' title='bbox 1009 2517 1142 2580; x_wconf 83' lang='lat' dir='ltr'><strong>deluerit,</strong></span> <span class='ocrx_word' id='word_1_359' title='bbox 1152 2518 1254 2584; x_wconf 89' lang='lat' dir='ltr'><strong>altera,</strong></span> <span class='ocrx_word' id='word_1_360' title='bbox 1266 2518 1567 2589; x_wconf 78' lang='lat' dir='ltr'><strong>quavidotsriaesse,</strong></span> <span class='ocrx_word' id='word_1_361' title='bbox 1583 2519 1762 2579; x_wconf 87' lang='lat' dir='ltr'><strong>nullatenus</strong></span> <span class='ocrx_word' id='word_1_362' title='bbox 1775 2541 1834 2596; x_wconf 73' lang='lat' dir='ltr'><strong>pm.</strong></span> 
     </span>
     <span class='ocr_line' id='line_1_27' title="bbox 133 2603 1834 2686; baseline -0.004 -18"><span class='ocrx_word' id='word_1_363' title='bbox 133 2642 146 2668; x_wconf 89' lang='lat'>«</span> <span class='ocrx_word' id='word_1_364' title='bbox 163 2617 266 2674; x_wconf 85' lang='lat' dir='ltr'><strong>Venite</strong></span> <span class='ocrx_word' id='word_1_365' title='bbox 290 2615 326 2670; x_wconf 90' lang='lat' dir='ltr'><strong>ad</strong></span> <span class='ocrx_word' id='word_1_366' title='bbox 351 2630 397 2669; x_wconf 90' lang='lat' dir='ltr'><strong>me</strong></span> <span class='ocrx_word' id='word_1_367' title='bbox 413 2627 525 2676; x_wconf 89' lang='lat' dir='ltr'><strong>omnes,</strong></span> <span class='ocrx_word' id='word_1_368' title='bbox 548 2608 598 2681; x_wconf 90' lang='lat' dir='ltr'><strong>qui</strong></span> <span class='ocrx_word' id='word_1_369' title='bbox 615 2605 764 2674; x_wconf 90' lang='lat' dir='ltr'><strong>laboratis,</strong></span> <span class='ocrx_word' id='word_1_370' title='bbox 789 2609 818 2660; x_wconf 89' lang='lat' dir='ltr'><strong>et</strong></span> <span class='ocrx_word' id='word_1_371' title='bbox 841 2603 953 2659; x_wconf 90' lang='lat' dir='ltr'><strong>onerati</strong></span> <span class='ocrx_word' id='word_1_372' title='bbox 1008 2607 1055 2661; x_wconf 90' lang='lat' dir='ltr'><strong>sit.</strong></span> <span class='ocrx_word' id='word_1_373' title='bbox 1068 2606 1168 2678; x_wconf 89' lang='lat' dir='ltr'><strong>Neque</strong></span> <span class='ocrx_word' id='word_1_374' title='bbox 1183 2606 1262 2660; x_wconf 89' lang='lat' dir='ltr'><strong>enim</strong></span> <span class='ocrx_word' id='word_1_375' title='bbox 1277 2606 1431 2673; x_wconf 81' lang='lat' dir='ltr'><strong>sobrietas,</strong></span> <span class='ocrx_word' id='word_1_376' title='bbox 1447 2608 1646 2680; x_wconf 85' lang='lat' dir='ltr'><strong>qusquisque</strong></span> <span class='ocrx_word' id='word_1_377' title='bbox 1663 2610 1697 2666; x_wconf 89' lang='lat' dir='ltr'><strong>in</strong></span> <span class='ocrx_word' id='word_1_378' title='bbox 1714 2613 1834 2686; x_wconf 69' lang='lat' dir='ltr'><strong>seipsos</strong></span> 
     </span>
    </p>
   </div>
   <div class='ocr_carea' id='block_1_3' title="bbox 33 2693 1834 2777">
    <p class='ocr_par' dir='ltr' id='par_1_3' title="bbox 33 2693 1834 2777">
     <span class='ocr_line' id='line_1_28' title="bbox 33 2693 1834 2777; baseline 0.014 -44"><span class='ocrx_word' id='word_1_379' title='bbox 33 2724 38 2733; x_wconf 83' lang='grc'>.</span> <span class='ocrx_word' id='word_1_380' title='bbox 131 2707 212 2772; x_wconf 43' lang='lat' dir='ltr'>esus·</span> <span class='ocrx_word' id='word_1_381' title='bbox 228 2709 257 2761; x_wconf 74' lang='grc'><strong>0(</strong></span> <span class='ocrx_word' id='word_1_382' title='bbox 272 2720 325 2777; x_wconf 69' lang='lat' dir='ltr'><strong>ego</strong></span> <span class='ocrx_word' id='word_1_383' title='bbox 341 2701 469 2758; x_wconf 77' lang='lat' dir='ltr'><strong>reficiam</strong></span> <span class='ocrx_word' id='word_1_384' title='bbox 484 2716 536 2754; x_wconf 93' lang='lat' dir='ltr'><strong>vos</strong></span> <span class='ocrx_word' id='word_1_385' title='bbox 555 2697 662 2769; x_wconf 76' lang='lat' dir='ltr'><strong>(narrt.</strong></span> <span class='ocrx_word' id='word_1_386' title='bbox 680 2712 719 2763; x_wconf 88' lang='lat' dir='ltr'><strong>xr,</strong></span> <span class='ocrx_word' id='word_1_387' title='bbox 733 2694 791 2766; x_wconf 82' lang='grc'>28),</span> <span class='ocrx_word' id='word_1_388' title='bbox 808 2716 822 2743; x_wconf 87' lang='lat'>»</span> <span class='ocrx_word' id='word_1_389' title='bbox 840 2693 952 2748; x_wconf 91' lang='lat' dir='ltr'><strong>unllam</strong></span> <span class='ocrx_word' id='word_1_390' title='bbox 1007 2694 1127 2767; x_wconf 85' lang='lat' dir='ltr'><strong>flagitiis</strong></span> <span class='ocrx_word' id='word_1_391' title='bbox 1142 2694 1279 2762; x_wconf 89' lang='lat' dir='ltr'><strong>abstinet,</strong></span> <span class='ocrx_word' id='word_1_392' title='bbox 1297 2695 1354 2751; x_wconf 90' lang='lat' dir='ltr'><strong>nisi</strong></span> <span class='ocrx_word' id='word_1_393' title='bbox 1369 2694 1427 2766; x_wconf 91' lang='lat' dir='ltr'><strong>pia,</strong></span> <span class='ocrx_word' id='word_1_394' title='bbox 1444 2696 1678 2770; x_wconf 83' lang='lat' dir='ltr'><strong>etjustafuerit,</strong></span> <span class='ocrx_word' id='word_1_395' title='bbox 1691 2699 1723 2755; x_wconf 90' lang='lat' dir='ltr'><strong>id</strong></span> <span class='ocrx_word' id='word_1_396' title='bbox 1736 2707 1791 2770; x_wconf 82' lang='lat' dir='ltr'><strong>est,</strong></span> <span class='ocrx_word' id='word_1_397' title='bbox 1805 2706 1834 2759; x_wconf 92' lang='lat' dir='ltr'><strong>ut</strong></span> 
     </span>
    </p>
   </div>
   <div class='ocr_carea' id='block_1_4' title="bbox 124 2782 1833 4454">
    <p class='ocr_par' dir='ltr' id='par_1_4' title="bbox 124 2782 1833 4454">
     <span class='ocr_line' id='line_1_29' title="bbox 131 2782 1833 2859; baseline -0.004 -8"><span class='ocrx_word' id='word_1_398' title='bbox 131 2794 340 2858; x_wconf 89' lang='lat' dir='ltr'><strong>conditionem,</strong></span> <span class='ocrx_word' id='word_1_399' title='bbox 357 2795 481 2858; x_wconf 83' lang='lat' dir='ltr'><strong>etatem,</strong></span> <span class='ocrx_word' id='word_1_400' title='bbox 506 2803 619 2853; x_wconf 88' lang='lat' dir='ltr'><strong>sexum,</strong></span> <span class='ocrx_word' id='word_1_401' title='bbox 636 2803 653 2845; x_wconf 92' lang='lat' dir='ltr'><strong>a</strong></span> <span class='ocrx_word' id='word_1_402' title='bbox 675 2783 856 2840; x_wconf 90' lang='lat' dir='ltr'><strong>beatitudine</strong></span> <span class='ocrx_word' id='word_1_403' title='bbox 872 2782 952 2837; x_wconf 91' lang='lat' dir='ltr'><strong>arbi·</strong></span> <span class='ocrx_word' id='word_1_404' title='bbox 1007 2783 1075 2839; x_wconf 88' lang='lat' dir='ltr'><strong>etin</strong></span> <span class='ocrx_word' id='word_1_405' title='bbox 1087 2783 1179 2839; x_wconf 88' lang='lat' dir='ltr'><strong>Deum</strong></span> <span class='ocrx_word' id='word_1_406' title='bbox 1192 2788 1269 2840; x_wconf 90' lang='lat' dir='ltr'><strong>recte</strong></span> <span class='ocrx_word' id='word_1_407' title='bbox 1280 2784 1379 2839; x_wconf 88' lang='lat' dir='ltr'><strong>credat</strong></span> <span class='ocrx_word' id='word_1_408' title='bbox 1390 2800 1396 2838; x_wconf 94' lang='lat'>:</span> <span class='ocrx_word' id='word_1_409' title='bbox 1409 2800 1461 2841; x_wconf 86' lang='lat' dir='ltr'><strong>nec</strong></span> <span class='ocrx_word' id='word_1_410' title='bbox 1474 2785 1624 2842; x_wconf 80' lang='lat' dir='ltr'><strong>fructuosa</strong></span> <span class='ocrx_word' id='word_1_411' title='bbox 1645 2788 1771 2857; x_wconf 85' lang='lat' dir='ltr'><strong>justitia</strong></span> <span class='ocrx_word' id='word_1_412' title='bbox 1784 2796 1833 2859; x_wconf 87' lang='lat' dir='ltr'><strong>est,</strong></span> 
     </span>
     <span class='ocr_line' id='line_1_30' title="bbox 130 2871 1832 2951; baseline -0.004 -11"><span class='ocrx_word' id='word_1_413' title='bbox 130 2890 224 2940; x_wconf 86' lang='lat' dir='ltr'><strong>tratur</strong></span> <span class='ocrx_word' id='word_1_414' title='bbox 239 2882 366 2938; x_wconf 87' lang='lat' dir='ltr'><strong>alienum</strong></span> <span class='ocrx_word' id='word_1_415' title='bbox 379 2897 386 2934; x_wconf 90' lang='lat'>:</span> <span class='ocrx_word' id='word_1_416' title='bbox 398 2883 550 2951; x_wconf 88' lang='lat' dir='ltr'><strong>propterea</strong></span> <span class='ocrx_word' id='word_1_417' title='bbox 563 2892 640 2931; x_wconf 90' lang='lat' dir='ltr'><strong>nuuc</strong></span> <span class='ocrx_word' id='word_1_418' title='bbox 654 2872 810 2947; x_wconf 89' lang='lat' dir='ltr'><strong>Apostolus</strong></span> <span class='ocrx_word' id='word_1_419' title='bbox 822 2876 849 2927; x_wconf 91' lang='lat' dir='ltr'><strong>et</strong></span> <span class='ocrx_word' id='word_1_420' title='bbox 860 2871 952 2927; x_wconf 91' lang='lat' dir='ltr'><strong>servis</strong></span> <span class='ocrx_word' id='word_1_421' title='bbox 1007 2889 1064 2943; x_wconf 85' lang='lat' dir='ltr'><strong>qua</strong></span> <span class='ocrx_word' id='word_1_422' title='bbox 1080 2873 1285 2944; x_wconf 87' lang='lat' dir='ltr'><strong>unusquisque</strong></span> <span class='ocrx_word' id='word_1_423' title='bbox 1300 2871 1355 2928; x_wconf 89' lang='lat' dir='ltr'><strong>hoc</strong></span> <span class='ocrx_word' id='word_1_424' title='bbox 1370 2873 1517 2946; x_wconf 89' lang='lat' dir='ltr'><strong>impendit</strong></span> <span class='ocrx_word' id='word_1_425' title='bbox 1531 2876 1769 2950; x_wconf 86' lang='lat' dir='ltr'><strong>proximo,quod</strong></span> <span class='ocrx_word' id='word_1_426' title='bbox 1781 2878 1832 2937; x_wconf 88' lang='lat' dir='ltr'><strong>sibi</strong></span> 
     </span>
     <span class='ocr_line' id='line_1_31' title="bbox 128 2959 1831 3047; baseline -0.013 -17"><span class='ocrx_word' id='word_1_427' title='bbox 128 2977 272 3047; x_wconf 81' lang='lat' dir='ltr'><strong>precepta</strong></span> <span class='ocrx_word' id='word_1_428' title='bbox 299 2967 462 3036; x_wconf 90' lang='lat' dir='ltr'><strong>constituit,</strong></span> <span class='ocrx_word' id='word_1_429' title='bbox 492 2964 612 3030; x_wconf 89' lang='lat' dir='ltr'><strong>scilicet,</strong></span> <span class='ocrx_word' id='word_1_430' title='bbox 643 2968 676 3018; x_wconf 92' lang='lat' dir='ltr'><strong>nt</strong></span> <span class='ocrx_word' id='word_1_431' title='bbox 701 2961 776 3034; x_wconf 91' lang='lat' dir='ltr'><strong>parti</strong></span> <span class='ocrx_word' id='word_1_432' title='bbox 805 2959 950 3028; x_wconf 76' lang='lat' dir='ltr'><strong>Ecclesia,</strong></span> <span class='ocrx_word' id='word_1_433' title='bbox 1006 2960 1168 3018; x_wconf 88' lang='lat' dir='ltr'><strong>delectatur</strong></span> <span class='ocrx_word' id='word_1_434' title='bbox 1182 2961 1324 3034; x_wconf 89' lang='lat' dir='ltr'><strong>impendi,</strong></span> <span class='ocrx_word' id='word_1_435' title='bbox 1341 2962 1365 3017; x_wconf 91' lang='lat' dir='ltr'><strong>si</strong></span> <span class='ocrx_word' id='word_1_436' title='bbox 1381 2962 1489 3031; x_wconf 87' lang='lat' dir='ltr'><strong>sobria,</strong></span> <span class='ocrx_word' id='word_1_437' title='bbox 1514 2963 1622 3037; x_wconf 79' lang='lat' dir='ltr'><strong>piaque</strong></span> <span class='ocrx_word' id='word_1_438' title='bbox 1649 2983 1713 3022; x_wconf 76' lang='lat' dir='ltr'><strong>non</strong></span> <span class='ocrx_word' id='word_1_439' title='bbox 1731 2970 1831 3027; x_wconf 55' lang='grc'><strong>(0000,</strong></span> 
     </span>
     <span class='ocr_line' id='line_1_32' title="bbox 129 3050 1830 3133; baseline -0.002 -15"><span class='ocrx_word' id='word_1_440' title='bbox 129 3061 328 3133; x_wconf 86' lang='lat' dir='ltr'><strong>membrisque</strong></span> <span class='ocrx_word' id='word_1_441' title='bbox 344 3053 642 3130; x_wconf 78' lang='lat' dir='ltr'><strong>corporisChristi.Et</strong></span> <span class='ocrx_word' id='word_1_442' title='bbox 653 3050 798 3122; x_wconf 90' lang='lat' dir='ltr'><strong>quomodo</strong></span> <span class='ocrx_word' id='word_1_443' title='bbox 815 3050 950 3122; x_wconf 90' lang='lat' dir='ltr'><strong>superius</strong></span> <span class='ocrx_word' id='word_1_444' title='bbox 1006 3050 1098 3123; x_wconf 89' lang='lat' dir='ltr'><strong>pietas</strong></span> <span class='ocrx_word' id='word_1_445' title='bbox 1114 3067 1230 3122; x_wconf 89' lang='lat' dir='ltr'><strong>qnoque</strong></span> <span class='ocrx_word' id='word_1_446' title='bbox 1247 3056 1433 3116; x_wconf 88' lang='lat' dir='ltr'><strong>mortuaest,</strong></span> <span class='ocrx_word' id='word_1_447' title='bbox 1448 3053 1552 3123; x_wconf 87' lang='lat' dir='ltr'><strong>quain</strong></span> <span class='ocrx_word' id='word_1_448' title='bbox 1570 3058 1660 3110; x_wconf 63' lang='lat' dir='ltr'><strong>mum</strong></span> <span class='ocrx_word' id='word_1_449' title='bbox 1679 3062 1761 3115; x_wconf 89' lang='lat' dir='ltr'><strong>recte</strong></span> <span class='ocrx_word' id='word_1_450' title='bbox 1774 3075 1830 3115; x_wconf 87' lang='lat' dir='ltr'><strong>cre·</strong></span> 
     </span>
     <span class='ocr_line' id='line_1_33' title="bbox 130 3118 1830 3219; baseline -0.006 -13"><span class='ocrx_word' id='word_1_451' title='bbox 130 3167 214 3219; x_wconf 87' lang='lat' dir='ltr'><strong>anus,</strong></span> <span class='ocrx_word' id='word_1_452' title='bbox 232 3145 476 3210; x_wconf 89' lang='lat' dir='ltr'><strong>adolescentulas,</strong></span> <span class='ocrx_word' id='word_1_453' title='bbox 497 3145 631 3215; x_wconf 88' lang='lat' dir='ltr'><strong>juvenes,</strong></span> <span class='ocrx_word' id='word_1_454' title='bbox 652 3134 721 3212; x_wconf 75' lang='lat' dir='ltr'><strong>quid</strong></span> <span class='ocrx_word' id='word_1_455' title='bbox 737 3141 819 3195; x_wconf 88' lang='lat' dir='ltr'><strong>Titus</strong></span> <span class='ocrx_word' id='word_1_456' title='bbox 834 3139 949 3195; x_wconf 89' lang='lat' dir='ltr'><strong>erudire</strong></span> <span class='ocrx_word' id='word_1_457' title='bbox 965 3118 986 3185; x_wconf 79' lang='lat' dir='ltr'>C</span> <span class='ocrx_word' id='word_1_458' title='bbox 1005 3140 1086 3196; x_wconf 91' lang='lat' dir='ltr'><strong>ditur</strong></span> <span class='ocrx_word' id='word_1_459' title='bbox 1098 3157 1105 3209; x_wconf 91' lang='lat'>;</span> <span class='ocrx_word' id='word_1_460' title='bbox 1116 3139 1141 3194; x_wconf 90' lang='lat' dir='ltr'><strong>si</strong></span> <span class='ocrx_word' id='word_1_461' title='bbox 1151 3139 1196 3195; x_wconf 90' lang='lat' dir='ltr'><strong>vel</strong></span> <span class='ocrx_word' id='word_1_462' title='bbox 1208 3157 1321 3194; x_wconf 90' lang='lat' dir='ltr'><strong>morum</strong></span> <span class='ocrx_word' id='word_1_463' title='bbox 1337 3140 1490 3212; x_wconf 87' lang='lat' dir='ltr'><strong>sobrietas,</strong></span> <span class='ocrx_word' id='word_1_464' title='bbox 1503 3141 1546 3196; x_wconf 91' lang='lat' dir='ltr'><strong>vel</strong></span> <span class='ocrx_word' id='word_1_465' title='bbox 1558 3144 1686 3215; x_wconf 87' lang='lat' dir='ltr'><strong>proximi</strong></span> <span class='ocrx_word' id='word_1_466' title='bbox 1705 3146 1830 3205; x_wconf 62' lang='lat' dir='ltr'><strong>ebaritas</strong></span> 
     </span>
     <span class='ocr_line' id='line_1_34' title="bbox 130 3228 1828 3310; baseline -0.004 -16"><span class='ocrx_word' id='word_1_467' title='bbox 130 3241 245 3310; x_wconf 88' lang='lat' dir='ltr'><strong>debere,</strong></span> <span class='ocrx_word' id='word_1_468' title='bbox 260 3236 395 3302; x_wconf 74' lang='lat' dir='ltr'><strong>edocuit,</strong></span> <span class='ocrx_word' id='word_1_469' title='bbox 409 3234 450 3289; x_wconf 90' lang='lat' dir='ltr'><strong>ita</strong></span> <span class='ocrx_word' id='word_1_470' title='bbox 465 3248 543 3287; x_wconf 90' lang='lat' dir='ltr'><strong>nnnc</strong></span> <span class='ocrx_word' id='word_1_471' title='bbox 555 3230 644 3287; x_wconf 91' lang='lat' dir='ltr'><strong>servis</strong></span> <span class='ocrx_word' id='word_1_472' title='bbox 655 3235 723 3301; x_wconf 87' lang='lat' dir='ltr'><strong>apta</strong></span> <span class='ocrx_word' id='word_1_473' title='bbox 734 3232 874 3300; x_wconf 76' lang='lat' dir='ltr'><strong>precepta</strong></span> <span class='ocrx_word' id='word_1_474' title='bbox 885 3244 950 3283; x_wconf 90' lang='lat' dir='ltr'><strong>con·</strong></span> <span class='ocrx_word' id='word_1_475' title='bbox 1005 3247 1061 3285; x_wconf 90' lang='lat' dir='ltr'><strong>non</strong></span> <span class='ocrx_word' id='word_1_476' title='bbox 1074 3233 1198 3284; x_wconf 88' lang='lat' dir='ltr'><strong>tenetur.</strong></span> <span class='ocrx_word' id='word_1_477' title='bbox 1211 3230 1293 3285; x_wconf 88' lang='lat' dir='ltr'><strong>Tunc</strong></span> <span class='ocrx_word' id='word_1_478' title='bbox 1306 3228 1395 3301; x_wconf 89' lang='lat' dir='ltr'><strong>igitur</strong></span> <span class='ocrx_word' id='word_1_479' title='bbox 1405 3230 1509 3285; x_wconf 77' lang='lat' dir='ltr'><strong>anima</strong></span> <span class='ocrx_word' id='word_1_480' title='bbox 1524 3248 1592 3287; x_wconf 91' lang='lat' dir='ltr'><strong>vera</strong></span> <span class='ocrx_word' id='word_1_481' title='bbox 1602 3231 1688 3289; x_wconf 89' lang='lat' dir='ltr'><strong>salus</strong></span> <span class='ocrx_word' id='word_1_482' title='bbox 1705 3236 1828 3309; x_wconf 87' lang='lat' dir='ltr'><strong>acquiri·</strong></span> 
     </span>
     <span class='ocr_line' id='line_1_35' title="bbox 132 3315 1829 3398; baseline -0.008 -15"><span class='ocrx_word' id='word_1_483' title='bbox 132 3326 241 3383; x_wconf 88' lang='lat' dir='ltr'><strong>stituit:</strong></span> <span class='ocrx_word' id='word_1_484' title='bbox 260 3325 388 3398; x_wconf 88' lang='lat' dir='ltr'><strong>primum</strong></span> <span class='ocrx_word' id='word_1_485' title='bbox 401 3328 433 3377; x_wconf 92' lang='lat' dir='ltr'><strong>ut</strong></span> <span class='ocrx_word' id='word_1_486' title='bbox 447 3320 556 3376; x_wconf 89' lang='lat' dir='ltr'><strong>subditi</strong></span> <span class='ocrx_word' id='word_1_487' title='bbox 568 3319 625 3374; x_wconf 88' lang='lat' dir='ltr'><strong>sint</strong></span> <span class='ocrx_word' id='word_1_488' title='bbox 635 3317 762 3373; x_wconf 90' lang='lat' dir='ltr'><strong>dominis</strong></span> <span class='ocrx_word' id='word_1_489' title='bbox 773 3317 835 3373; x_wconf 88' lang='lat' dir='ltr'><strong>suis</strong></span> <span class='ocrx_word' id='word_1_490' title='bbox 846 3315 874 3370; x_wconf 90' lang='lat' dir='ltr'><strong>in</strong></span> <span class='ocrx_word' id='word_1_491' title='bbox 887 3334 949 3373; x_wconf 92' lang='lat' dir='ltr'><strong>om·</strong></span> <span class='ocrx_word' id='word_1_492' title='bbox 1004 3324 1068 3384; x_wconf 82' lang='lat' dir='ltr'><strong>tur,</strong></span> <span class='ocrx_word' id='word_1_493' title='bbox 1078 3319 1102 3372; x_wconf 91' lang='lat' dir='ltr'><strong>si</strong></span> <span class='ocrx_word' id='word_1_494' title='bbox 1117 3321 1146 3372; x_wconf 90' lang='lat' dir='ltr'><strong>et</strong></span> <span class='ocrx_word' id='word_1_495' title='bbox 1162 3317 1254 3389; x_wconf 90' lang='lat' dir='ltr'><strong>pietas</strong></span> <span class='ocrx_word' id='word_1_496' title='bbox 1265 3317 1295 3371; x_wconf 91' lang='lat' dir='ltr'><strong>iu</strong></span> <span class='ocrx_word' id='word_1_497' title='bbox 1311 3317 1377 3384; x_wconf 83' lang='lat' dir='ltr'><strong>fide,</strong></span> <span class='ocrx_word' id='word_1_498' title='bbox 1394 3322 1422 3374; x_wconf 90' lang='lat' dir='ltr'><strong>et</strong></span> <span class='ocrx_word' id='word_1_499' title='bbox 1432 3318 1552 3388; x_wconf 85' lang='lat' dir='ltr'><strong>justitia</strong></span> <span class='ocrx_word' id='word_1_500' title='bbox 1566 3320 1596 3374; x_wconf 93' lang='lat' dir='ltr'><strong>in</strong></span> <span class='ocrx_word' id='word_1_501' title='bbox 1623 3319 1783 3393; x_wconf 67' lang='lat' dir='ltr'><strong>charitate,</strong></span> <span class='ocrx_word' id='word_1_502' title='bbox 1803 3328 1829 3382; x_wconf 64' lang='lat' dir='ltr'><strong>at</strong></span> 
     </span>
     <span class='ocr_line' id='line_1_36' title="bbox 130 3405 1780 3481; baseline -0.002 -10"><span class='ocrx_word' id='word_1_503' title='bbox 130 3416 218 3471; x_wconf 91' lang='lat' dir='ltr'><strong>nibus</strong></span> <span class='ocrx_word' id='word_1_504' title='bbox 230 3433 237 3481; x_wconf 85' lang='lat'>;</span> <span class='ocrx_word' id='word_1_505' title='bbox 249 3415 276 3468; x_wconf 90' lang='lat' dir='ltr'><strong>in</strong></span> <span class='ocrx_word' id='word_1_506' title='bbox 292 3412 445 3468; x_wconf 89' lang='lat' dir='ltr'><strong>bisantem</strong></span> <span class='ocrx_word' id='word_1_507' title='bbox 457 3408 676 3478; x_wconf 67' lang='lat' dir='ltr'><strong>omnibusque</strong></span> <span class='ocrx_word' id='word_1_508' title='bbox 689 3424 744 3461; x_wconf 89' lang='lat' dir='ltr'><strong>non</strong></span> <span class='ocrx_word' id='word_1_509' title='bbox 758 3412 950 3462; x_wconf 68' lang='lat' dir='ltr'><strong>suessona-a</strong></span> <span class='ocrx_word' id='word_1_510' title='bbox 1005 3407 1148 3463; x_wconf 87' lang='lat' dir='ltr'><strong>sobrietas</strong></span> <span class='ocrx_word' id='word_1_511' title='bbox 1162 3407 1190 3461; x_wconf 89' lang='lat' dir='ltr'><strong>in</strong></span> <span class='ocrx_word' id='word_1_512' title='bbox 1206 3406 1351 3475; x_wconf 85' lang='lat' dir='ltr'><strong>castitate,</strong></span> <span class='ocrx_word' id='word_1_513' title='bbox 1367 3421 1399 3461; x_wconf 86' lang='lat' dir='ltr'><strong>ac</strong></span> <span class='ocrx_word' id='word_1_514' title='bbox 1415 3407 1597 3478; x_wconf 88' lang='lat' dir='ltr'><strong>parcimonia</strong></span> <span class='ocrx_word' id='word_1_515' title='bbox 1610 3413 1761 3469; x_wconf 88' lang='lat' dir='ltr'><strong>teneatur.</strong></span> <span class='ocrx_word' id='word_1_516' title='bbox 1776 3405 1780 3411; x_wconf 83' lang='grc'><strong>’</strong></span> 
     </span>
     <span class='ocr_line' id='line_1_37' title="bbox 130 3495 1828 3571; baseline 0 -14"><span class='ocrx_word' id='word_1_517' title='bbox 130 3502 255 3571; x_wconf 88' lang='lat' dir='ltr'><strong>riaDeo,</strong></span> <span class='ocrx_word' id='word_1_518' title='bbox 273 3496 731 3566; x_wconf 82' lang='lat' dir='ltr'><strong>utsidomiuuseajnbet,qua</strong></span> <span class='ocrx_word' id='word_1_519' title='bbox 755 3496 949 3552; x_wconf 87' lang='lat' dir='ltr'><strong>nonsiutad-</strong></span> <span class='ocrx_word' id='word_1_520' title='bbox 1040 3497 1132 3566; x_wconf 88' lang='grc'>(1373)</span> <span class='ocrx_word' id='word_1_521' title='bbox 1150 3495 1370 3565; x_wconf 70' lang='lat' dir='ltr'><strong>«Expectantos</strong></span> <span class='ocrx_word' id='word_1_522' title='bbox 1400 3495 1515 3551; x_wconf 89' lang='lat' dir='ltr'><strong>beatam</strong></span> <span class='ocrx_word' id='word_1_523' title='bbox 1544 3512 1639 3569; x_wconf 86' lang='lat' dir='ltr'><strong>spem.</strong></span> <span class='ocrx_word' id='word_1_524' title='bbox 1657 3523 1669 3551; x_wconf 74' lang='grc' dir='ltr'><strong><em>ι</em></strong></span> <span class='ocrx_word' id='word_1_525' title='bbox 1687 3499 1739 3556; x_wconf 87' lang='lat' dir='ltr'><strong>lile</strong></span> <span class='ocrx_word' id='word_1_526' title='bbox 1759 3502 1828 3558; x_wconf 87' lang='lat' dir='ltr'><strong>lidu-</strong></span> 
     </span>
     <span class='ocr_line' id='line_1_38' title="bbox 128 3582 1830 3663; baseline -0.002 -17"><span class='ocrx_word' id='word_1_527' title='bbox 128 3605 212 3646; x_wconf 87' lang='lat' dir='ltr'><strong>versa</strong></span> <span class='ocrx_word' id='word_1_528' title='bbox 223 3587 381 3659; x_wconf 88' lang='lat' dir='ltr'><strong>Scripturis</strong></span> <span class='ocrx_word' id='word_1_529' title='bbox 393 3582 692 3654; x_wconf 87' lang='lat' dir='ltr'><strong>sanctis,subjiciatur</strong></span> <span class='ocrx_word' id='word_1_530' title='bbox 704 3598 804 3638; x_wconf 88' lang='lat' dir='ltr'><strong>servus</strong></span> <span class='ocrx_word' id='word_1_531' title='bbox 815 3584 948 3654; x_wconf 89' lang='lat' dir='ltr'><strong>domino;</strong></span> <span class='ocrx_word' id='word_1_532' title='bbox 1005 3583 1117 3639; x_wconf 87' lang='lat' dir='ltr'><strong>cialiter</strong></span> <span class='ocrx_word' id='word_1_533' title='bbox 1127 3583 1188 3639; x_wconf 79' lang='lat' dir='ltr'><strong>hac</strong></span> <span class='ocrx_word' id='word_1_534' title='bbox 1199 3587 1358 3655; x_wconf 82' lang='lat' dir='ltr'><strong>exspectat,</strong></span> <span class='ocrx_word' id='word_1_535' title='bbox 1370 3584 1419 3655; x_wconf 94' lang='lat' dir='ltr'><strong>qui</strong></span> <span class='ocrx_word' id='word_1_536' title='bbox 1431 3582 1471 3640; x_wconf 89' lang='lat' dir='ltr'><strong>ita</strong></span> <span class='ocrx_word' id='word_1_537' title='bbox 1483 3584 1683 3654; x_wconf 86' lang='lat' dir='ltr'><strong>dixerit,sicut</strong></span> <span class='ocrx_word' id='word_1_538' title='bbox 1697 3591 1830 3663; x_wconf 89' lang='lat' dir='ltr'><strong>superius</strong></span> 
     </span>
     <span class='ocr_line' id='line_1_39' title="bbox 130 3670 1829 3746; baseline -0.004 -12"><span class='ocrx_word' id='word_1_539' title='bbox 130 3679 153 3734; x_wconf 89' lang='lat' dir='ltr'><strong>si</strong></span> <span class='ocrx_word' id='word_1_540' title='bbox 169 3694 235 3734; x_wconf 92' lang='lat' dir='ltr'><strong>vero</strong></span> <span class='ocrx_word' id='word_1_541' title='bbox 251 3674 397 3732; x_wconf 88' lang='lat' dir='ltr'><strong>contraria</strong></span> <span class='ocrx_word' id='word_1_542' title='bbox 408 3672 547 3746; x_wconf 81' lang='lat' dir='ltr'><strong>precipit,</strong></span> <span class='ocrx_word' id='word_1_543' title='bbox 569 3670 663 3743; x_wconf 80' lang='lat' dir='ltr'><strong>magis</strong></span> <span class='ocrx_word' id='word_1_544' title='bbox 677 3671 794 3726; x_wconf 88' lang='lat' dir='ltr'><strong>obediat</strong></span> <span class='ocrx_word' id='word_1_545' title='bbox 818 3673 949 3745; x_wconf 90' lang='lat' dir='ltr'><strong>spiritus,</strong></span> <span class='ocrx_word' id='word_1_546' title='bbox 1004 3673 1081 3728; x_wconf 91' lang='lat' dir='ltr'><strong>idem</strong></span> <span class='ocrx_word' id='word_1_547' title='bbox 1093 3671 1350 3744; x_wconf 86' lang='lat' dir='ltr'><strong>Apostolusdoeet.</strong></span> <span class='ocrx_word' id='word_1_548' title='bbox 1368 3673 1455 3729; x_wconf 85' lang='lat' dir='ltr'><strong>Beata</strong></span> <span class='ocrx_word' id='word_1_549' title='bbox 1470 3690 1538 3746; x_wconf 85' lang='lat' dir='ltr'><strong>spes</strong></span> <span class='ocrx_word' id='word_1_550' title='bbox 1554 3674 1636 3731; x_wconf 88' lang='lat' dir='ltr'><strong>nulia</strong></span> <span class='ocrx_word' id='word_1_551' title='bbox 1648 3676 1761 3735; x_wconf 77' lang='lat' dir='ltr'><strong>melius</strong></span> <span class='ocrx_word' id='word_1_552' title='bbox 1775 3679 1829 3737; x_wconf 71' lang='lat' dir='ltr'><strong>alis</strong></span> 
     </span>
     <span class='ocr_line' id='line_1_40' title="bbox 129 3760 1827 3840; baseline -0.006 -16"><span class='ocrx_word' id='word_1_553' title='bbox 129 3783 218 3840; x_wconf 91' lang='lat' dir='ltr'><strong>qnam</strong></span> <span class='ocrx_word' id='word_1_554' title='bbox 234 3762 499 3837; x_wconf 90' lang='lat' dir='ltr'><strong>corporisdornino.</strong></span> <span class='ocrx_word' id='word_1_555' title='bbox 511 3760 816 3832; x_wconf 87' lang='lat' dir='ltr'><strong>Diligenterattcndite</strong></span> <span class='ocrx_word' id='word_1_556' title='bbox 828 3777 949 3833; x_wconf 92' lang='lat' dir='ltr'><strong>quomo·</strong></span> <span class='ocrx_word' id='word_1_557' title='bbox 1005 3760 1148 3818; x_wconf 88' lang='lat' dir='ltr'><strong>credenda</strong></span> <span class='ocrx_word' id='word_1_558' title='bbox 1158 3765 1212 3827; x_wconf 90' lang='lat' dir='ltr'><strong>est,</strong></span> <span class='ocrx_word' id='word_1_559' title='bbox 1224 3777 1312 3832; x_wconf 91' lang='lat' dir='ltr'><strong>quam</strong></span> <span class='ocrx_word' id='word_1_560' title='bbox 1324 3760 1408 3834; x_wconf 90' lang='lat' dir='ltr'><strong>illud,</strong></span> <span class='ocrx_word' id='word_1_561' title='bbox 1424 3762 1501 3834; x_wconf 89' lang='lat' dir='ltr'><strong>quod</strong></span> <span class='ocrx_word' id='word_1_562' title='bbox 1512 3762 1645 3820; x_wconf 87' lang='lat' dir='ltr'><strong>dicturus</strong></span> <span class='ocrx_word' id='word_1_563' title='bbox 1669 3772 1717 3823; x_wconf 87' lang='lat' dir='ltr'><strong>cst</strong></span> <span class='ocrx_word' id='word_1_564' title='bbox 1732 3767 1827 3824; x_wconf 89' lang='lat' dir='ltr'><strong>Domi.</strong></span> 
     </span>
     <span class='ocr_line' id='line_1_41' title="bbox 131 3847 1827 3926; baseline 0.001 -15"><span class='ocrx_word' id='word_1_565' title='bbox 131 3858 167 3913; x_wconf 94' lang='lat' dir='ltr'><strong>do</strong></span> <span class='ocrx_word' id='word_1_566' title='bbox 182 3871 312 3926; x_wconf 88' lang='lat' dir='ltr'><strong>congrua</strong></span> <span class='ocrx_word' id='word_1_567' title='bbox 326 3851 459 3926; x_wconf 87' lang='lat' dir='ltr'><strong>personis</strong></span> <span class='ocrx_word' id='word_1_568' title='bbox 483 3855 624 3922; x_wconf 78' lang='lat' dir='ltr'><strong>precepta</strong></span> <span class='ocrx_word' id='word_1_569' title='bbox 647 3849 800 3906; x_wconf 87' lang='lat' dir='ltr'><strong>decernat:</strong></span> <span class='ocrx_word' id='word_1_570' title='bbox 821 3871 831 3897; x_wconf 71' lang='lat' dir='ltr'><strong>s</strong></span> <span class='ocrx_word' id='word_1_571' title='bbox 858 3851 949 3922; x_wconf 86' lang='lat' dir='ltr'><strong>Servi,</strong></span> <span class='ocrx_word' id='word_1_572' title='bbox 1005 3850 1097 3906; x_wconf 88' lang='lat' dir='ltr'><strong>nasio</strong></span> <span class='ocrx_word' id='word_1_573' title='bbox 1110 3847 1262 3921; x_wconf 87' lang='lat' dir='ltr'><strong>disjudicii</strong></span> <span class='ocrx_word' id='word_1_574' title='bbox 1275 3848 1431 3922; x_wconf 89' lang='lat' dir='ltr'><strong>his,quiaa</strong></span> <span class='ocrx_word' id='word_1_575' title='bbox 1441 3850 1621 3923; x_wconf 87' lang='lat' dir='ltr'><strong>dextrisejos</strong></span> <span class='ocrx_word' id='word_1_576' title='bbox 1632 3860 1739 3912; x_wconf 86' lang='lat' dir='ltr'><strong>erunt:</strong></span> <span class='ocrx_word' id='word_1_577' title='bbox 1754 3880 1766 3905; x_wconf 80' lang='grc' dir='ltr'>ι</span> <span class='ocrx_word' id='word_1_578' title='bbox 1780 3856 1827 3912; x_wconf 82' lang='lat' dir='ltr'><strong>Ve-</strong></span> 
     </span>
     <span class='ocr_line' id='line_1_42' title="bbox 128 3937 1829 4018; baseline -0.004 -18"><span class='ocrx_word' id='word_1_579' title='bbox 128 3944 224 4018; x_wconf 91' lang='lat' dir='ltr'><strong>inquit</strong></span> <span class='ocrx_word' id='word_1_580' title='bbox 238 3943 366 3999; x_wconf 90' lang='lat' dir='ltr'><strong>dominis</strong></span> <span class='ocrx_word' id='word_1_581' title='bbox 381 3941 442 3997; x_wconf 92' lang='lat' dir='ltr'><strong>suis</strong></span> <span class='ocrx_word' id='word_1_582' title='bbox 458 3938 568 3996; x_wconf 91' lang='lat' dir='ltr'><strong>subditi</strong></span> <span class='ocrx_word' id='word_1_583' title='bbox 583 3938 686 3994; x_wconf 89' lang='lat' dir='ltr'><strong>sintin</strong></span> <span class='ocrx_word' id='word_1_584' title='bbox 702 3939 849 3995; x_wconf 89' lang='lat' dir='ltr'><strong>omuibus.</strong></span> <span class='ocrx_word' id='word_1_585' title='bbox 869 3962 882 3989; x_wconf 73' lang='lat' dir='ltr'><strong>a</strong></span> <span class='ocrx_word' id='word_1_586' title='bbox 1004 3941 1073 4006; x_wconf 81' lang='lat' dir='ltr'><strong>nite,</strong></span> <span class='ocrx_word' id='word_1_587' title='bbox 1088 3937 1233 3995; x_wconf 86' lang='lat' dir='ltr'><strong>benedicti</strong></span> <span class='ocrx_word' id='word_1_588' title='bbox 1248 3938 1343 3994; x_wconf 90' lang='lat' dir='ltr'><strong>Patris</strong></span> <span class='ocrx_word' id='word_1_589' title='bbox 1353 3938 1421 4010; x_wconf 88' lang='lat' dir='ltr'><strong>mei,</strong></span> <span class='ocrx_word' id='word_1_590' title='bbox 1434 3939 1579 4010; x_wconf 86' lang='lat' dir='ltr'><strong>possideto</strong></span> <span class='ocrx_word' id='word_1_591' title='bbox 1593 3947 1735 4013; x_wconf 87' lang='lat' dir='ltr'><strong>paratum</strong></span> <span class='ocrx_word' id='word_1_592' title='bbox 1752 3945 1829 4001; x_wconf 75' lang='lat' dir='ltr'><strong>robis</strong></span> 
     </span>
     <span class='ocr_line' id='line_1_43' title="bbox 164 4025 1827 4107; baseline -0.01 -16"><span class='ocrx_word' id='word_1_593' title='bbox 164 4058 178 4085; x_wconf 88' lang='lat'><em>«</em></span> <span class='ocrx_word' id='word_1_594' title='bbox 194 4034 336 4107; x_wconf 83' lang='lat' dir='ltr'><strong>Apparuit</strong></span> <span class='ocrx_word' id='word_1_595' title='bbox 352 4031 429 4088; x_wconf 84' lang='lat' dir='ltr'><strong>enim</strong></span> <span class='ocrx_word' id='word_1_596' title='bbox 445 4029 538 4103; x_wconf 86' lang='lat' dir='ltr'><strong>gratia</strong></span> <span class='ocrx_word' id='word_1_597' title='bbox 555 4028 602 4084; x_wconf 81' lang='lat' dir='ltr'><strong>Dei</strong></span> <span class='ocrx_word' id='word_1_598' title='bbox 614 4026 772 4084; x_wconf 89' lang='lat' dir='ltr'><strong>Salvatoris</strong></span> <span class='ocrx_word' id='word_1_599' title='bbox 784 4030 874 4084; x_wconf 90' lang='lat' dir='ltr'><strong>nostri</strong></span> <span class='ocrx_word' id='word_1_600' title='bbox 890 4047 949 4085; x_wconf 88' lang='lat' dir='ltr'><strong>om·</strong></span> <span class='ocrx_word' id='word_1_601' title='bbox 1004 4044 1127 4102; x_wconf 86' lang='lat' dir='ltr'><strong>regnum</strong></span> <span class='ocrx_word' id='word_1_602' title='bbox 1142 4025 1379 4097; x_wconf 83' lang='lat' dir='ltr'><strong>accustitutione</strong></span> <span class='ocrx_word' id='word_1_603' title='bbox 1403 4027 1505 4082; x_wconf 90' lang='lat' dir='ltr'><strong>mundi</strong></span> <span class='ocrx_word' id='word_1_604' title='bbox 1530 4027 1631 4097; x_wconf 76' lang='lat' dir='ltr'><strong>(limat.</strong></span> <span class='ocrx_word' id='word_1_605' title='bbox 1654 4048 1726 4101; x_wconf 71' lang='lat' dir='ltr'><strong>xxv,</strong></span> <span class='ocrx_word' id='word_1_606' title='bbox 1740 4034 1797 4103; x_wconf 67' lang='grc'><strong>34),</strong></span> <span class='ocrx_word' id='word_1_607' title='bbox 1813 4056 1827 4085; x_wconf 85' lang='lat'><em>„</em></span> 
     </span>
     <span class='ocr_line' id='line_1_44' title="bbox 127 4115 1828 4189; baseline -0.007 -9"><span class='ocrx_word' id='word_1_608' title='bbox 127 4121 392 4180; x_wconf 89' lang='lat' dir='ltr'><strong>nibushominibus</strong></span> <span class='ocrx_word' id='word_1_609' title='bbox 404 4119 541 4175; x_wconf 87' lang='lat' dir='ltr'><strong>erudiens</strong></span> <span class='ocrx_word' id='word_1_610' title='bbox 552 4133 638 4172; x_wconf 88' lang='lat' dir='ltr'><strong>nos.»</strong></span> <span class='ocrx_word' id='word_1_611' title='bbox 650 4117 948 4189; x_wconf 87' lang='lat' dir='ltr'><strong>Postcatalogumdo-</strong></span> <span class='ocrx_word' id='word_1_612' title='bbox 1039 4141 1053 4168; x_wconf 78' lang='lat' dir='ltr'><strong>a</strong></span> <span class='ocrx_word' id='word_1_613' title='bbox 1069 4118 1103 4172; x_wconf 80' lang='lat' dir='ltr'><strong>itt</strong></span> <span class='ocrx_word' id='word_1_614' title='bbox 1116 4117 1274 4172; x_wconf 89' lang='lat' dir='ltr'><strong>adventum</strong></span> <span class='ocrx_word' id='word_1_615' title='bbox 1290 4115 1387 4188; x_wconf 78' lang='lat' dir='ltr'><strong>glorie</strong></span> <span class='ocrx_word' id='word_1_616' title='bbox 1404 4116 1503 4189; x_wconf 89' lang='lat' dir='ltr'><strong>magni</strong></span> <span class='ocrx_word' id='word_1_617' title='bbox 1528 4119 1587 4188; x_wconf 87' lang='lat' dir='ltr'><strong>Dei,</strong></span> <span class='ocrx_word' id='word_1_618' title='bbox 1614 4124 1643 4174; x_wconf 87' lang='lat' dir='ltr'><strong>st</strong></span> <span class='ocrx_word' id='word_1_619' title='bbox 1667 4120 1828 4180; x_wconf 62' lang='lat' dir='ltr'><strong>salvatoris</strong></span> 
     </span>
     <span class='ocr_line' id='line_1_45' title="bbox 126 4196 1826 4283; baseline -0.001 -15"><span class='ocrx_word' id='word_1_620' title='bbox 126 4213 225 4269; x_wconf 81' lang='lat' dir='ltr'><strong>utrina</strong></span> <span class='ocrx_word' id='word_1_621' title='bbox 243 4212 278 4266; x_wconf 93' lang='lat' dir='ltr'><strong>ad</strong></span> <span class='ocrx_word' id='word_1_622' title='bbox 289 4212 398 4273; x_wconf 84' lang='lat' dir='ltr'><strong>Titum,</strong></span> <span class='ocrx_word' id='word_1_623' title='bbox 416 4209 486 4280; x_wconf 90' lang='lat' dir='ltr'><strong>quid</strong></span> <span class='ocrx_word' id='word_1_624' title='bbox 501 4222 597 4271; x_wconf 81' lang='lat' dir='ltr'><strong>senes,</strong></span> <span class='ocrx_word' id='word_1_625' title='bbox 613 4205 683 4276; x_wconf 93' lang='lat' dir='ltr'><strong>quid</strong></span> <span class='ocrx_word' id='word_1_626' title='bbox 695 4222 780 4275; x_wconf 91' lang='lat' dir='ltr'><strong>anus,</strong></span> <span class='ocrx_word' id='word_1_627' title='bbox 793 4207 862 4276; x_wconf 87' lang='lat' dir='ltr'><strong>quid</strong></span> <span class='ocrx_word' id='word_1_628' title='bbox 878 4208 947 4267; x_wconf 82' lang='lat' dir='ltr'><strong>ado·</strong></span> <span class='ocrx_word' id='word_1_629' title='bbox 1003 4206 1094 4264; x_wconf 88' lang='lat' dir='ltr'><strong>nostri</strong></span> <span class='ocrx_word' id='word_1_630' title='bbox 1108 4207 1176 4261; x_wconf 79' lang='lat' dir='ltr'><strong>lesu</strong></span> <span class='ocrx_word' id='word_1_631' title='bbox 1192 4203 1309 4261; x_wconf 81' lang='lat' dir='ltr'><strong>Christi.</strong></span> <span class='ocrx_word' id='word_1_632' title='bbox 1328 4227 1342 4253; x_wconf 93' lang='lat'>»</span> <span class='ocrx_word' id='word_1_633' title='bbox 1358 4205 1482 4276; x_wconf 90' lang='lat' dir='ltr'><strong>Magnus</strong></span> <span class='ocrx_word' id='word_1_634' title='bbox 1510 4196 1587 4263; x_wconf 77' lang='lat' dir='ltr'><strong>neas</strong></span> <span class='ocrx_word' id='word_1_635' title='bbox 1615 4207 1755 4267; x_wconf 84' lang='lat' dir='ltr'><strong>Christus</strong></span> <span class='ocrx_word' id='word_1_636' title='bbox 1774 4216 1826 4283; x_wconf 84' lang='lat' dir='ltr'><strong>eat,</strong></span> 
     </span>
     <span class='ocr_line' id='line_1_46' title="bbox 125 4293 1826 4373; baseline -0.014 -16"><span class='ocrx_word' id='word_1_637' title='bbox 125 4299 312 4368; x_wconf 88' lang='lat' dir='ltr'><strong>lescentulss,</strong></span> <span class='ocrx_word' id='word_1_638' title='bbox 337 4303 365 4354; x_wconf 90' lang='lat' dir='ltr'><strong>ct</strong></span> <span class='ocrx_word' id='word_1_639' title='bbox 373 4299 508 4370; x_wconf 88' lang='lat' dir='ltr'><strong>juvenes,</strong></span> <span class='ocrx_word' id='word_1_640' title='bbox 534 4294 604 4366; x_wconf 90' lang='lat' dir='ltr'><strong>quid</strong></span> <span class='ocrx_word' id='word_1_641' title='bbox 618 4295 651 4348; x_wconf 88' lang='lat' dir='ltr'><strong>ad</strong></span> <span class='ocrx_word' id='word_1_642' title='bbox 673 4299 832 4349; x_wconf 86' lang='lat' dir='ltr'><strong>extremum</strong></span> <span class='ocrx_word' id='word_1_643' title='bbox 850 4311 947 4352; x_wconf 88' lang='lat' dir='ltr'><strong>servos</strong></span> <span class='ocrx_word' id='word_1_644' title='bbox 1002 4300 1127 4351; x_wconf 86' lang='lat' dir='ltr'><strong>testante</strong></span> <span class='ocrx_word' id='word_1_645' title='bbox 1142 4293 1295 4366; x_wconf 89' lang='lat' dir='ltr'><strong>Propheta,</strong></span> <span class='ocrx_word' id='word_1_646' title='bbox 1311 4293 1361 4364; x_wconf 90' lang='lat' dir='ltr'><strong>qui</strong></span> <span class='ocrx_word' id='word_1_647' title='bbox 1390 4294 1478 4349; x_wconf 88' lang='lat' dir='ltr'><strong>dicit:</strong></span> <span class='ocrx_word' id='word_1_648' title='bbox 1497 4317 1511 4344; x_wconf 85' lang='lat'>«</span> <span class='ocrx_word' id='word_1_649' title='bbox 1526 4295 1652 4369; x_wconf 56' lang='lat' dir='ltr'><strong>Magnus</strong></span> <span class='ocrx_word' id='word_1_650' title='bbox 1672 4298 1826 4373; x_wconf 53' lang='lat' dir='ltr'><strong>Dominus,</strong></span> 
     </span>
     <span class='ocr_line' id='line_1_47' title="bbox 124 4381 1827 4454; baseline -0.005 -8"><span class='ocrx_word' id='word_1_651' title='bbox 124 4389 240 4445; x_wconf 87' lang='lat' dir='ltr'><strong>erudire</strong></span> <span class='ocrx_word' id='word_1_652' title='bbox 255 4388 384 4454; x_wconf 88' lang='lat' dir='ltr'><strong>deberet,</strong></span> <span class='ocrx_word' id='word_1_653' title='bbox 394 4389 470 4441; x_wconf 88' lang='lat' dir='ltr'><strong>recte</strong></span> <span class='ocrx_word' id='word_1_654' title='bbox 481 4381 701 4438; x_wconf 84' lang='lat' dir='ltr'><strong>nunciatulit:«</strong></span> <span class='ocrx_word' id='word_1_655' title='bbox 714 4383 945 4454; x_wconf 79' lang='lat' dir='ltr'><strong>Apparuitonim</strong></span> <span class='ocrx_word' id='word_1_656' title='bbox 1000 4389 1029 4439; x_wconf 90' lang='lat' dir='ltr'><strong>et</strong></span> <span class='ocrx_word' id='word_1_657' title='bbox 1043 4382 1201 4440; x_wconf 87' lang='lat' dir='ltr'><strong>laudabilis</strong></span> <span class='ocrx_word' id='word_1_658' title='bbox 1215 4382 1305 4438; x_wconf 90' lang='lat' dir='ltr'><strong>nimis</strong></span> <span class='ocrx_word' id='word_1_659' title='bbox 1320 4383 1349 4437; x_wconf 91' lang='lat' dir='ltr'><strong>in</strong></span> <span class='ocrx_word' id='word_1_660' title='bbox 1365 4381 1479 4438; x_wconf 90' lang='lat' dir='ltr'><strong>civitate</strong></span> <span class='ocrx_word' id='word_1_661' title='bbox 1496 4383 1546 4441; x_wconf 86' lang='lat' dir='ltr'><strong>Dei</strong></span> <span class='ocrx_word' id='word_1_662' title='bbox 1561 4386 1667 4453; x_wconf 90' lang='lat' dir='ltr'><strong>nostri,</strong></span> <span class='ocrx_word' id='word_1_663' title='bbox 1685 4388 1715 4444; x_wconf 91' lang='lat' dir='ltr'><strong>in</strong></span> <span class='ocrx_word' id='word_1_664' title='bbox 1728 4395 1827 4447; x_wconf 72' lang='lat' dir='ltr'><strong>monta</strong></span> 
     </span>
    </p>
   </div>
   <div class='ocr_carea' id='block_1_5' title="bbox 24 4471 1827 4551">
    <p class='ocr_par' dir='ltr' id='par_1_5' title="bbox 24 4471 1827 4551">
     <span class='ocr_line' id='line_1_48' title="bbox 24 4471 1827 4551; baseline 0.002 -17"><span class='ocrx_word' id='word_1_665' title='bbox 24 4476 28 4488; x_wconf 90' lang='lat'>&#39;</span> <span class='ocrx_word' id='word_1_666' title='bbox 124 4478 219 4551; x_wconf 87' lang='lat' dir='ltr'><strong>gratia</strong></span> <span class='ocrx_word' id='word_1_667' title='bbox 234 4477 284 4534; x_wconf 86' lang='lat' dir='ltr'><strong>Dei</strong></span> <span class='ocrx_word' id='word_1_668' title='bbox 296 4474 454 4532; x_wconf 80' lang='lat' dir='ltr'><strong>salvatoris</strong></span> <span class='ocrx_word' id='word_1_669' title='bbox 465 4472 603 4529; x_wconf 90' lang='lat' dir='ltr'><strong>omnibus</strong></span> <span class='ocrx_word' id='word_1_670' title='bbox 613 4471 817 4526; x_wconf 86' lang='lat' dir='ltr'><strong>hominibus.»</strong></span> <span class='ocrx_word' id='word_1_671' title='bbox 829 4477 890 4527; x_wconf 87' lang='lat' dir='ltr'><strong>Non</strong></span> <span class='ocrx_word' id='word_1_672' title='bbox 902 4478 948 4529; x_wconf 87' lang='lat' dir='ltr'><strong>est</strong></span> <span class='ocrx_word' id='word_1_673' title='bbox 961 4484 985 4548; x_wconf 73' lang='lat' dir='ltr'><strong>[J</strong></span> <span class='ocrx_word' id='word_1_674' title='bbox 1000 4478 1100 4529; x_wconf 88' lang='lat' dir='ltr'><strong>sancto</strong></span> <span class='ocrx_word' id='word_1_675' title='bbox 1110 4473 1175 4543; x_wconf 86' lang='lat' dir='ltr'><strong>ejus</strong></span> <span class='ocrx_word' id='word_1_676' title='bbox 1186 4472 1270 4542; x_wconf 81' lang='lat' dir='ltr'><strong>(Psoi.</strong></span> <span class='ocrx_word' id='word_1_677' title='bbox 1282 4487 1369 4537; x_wconf 77' lang='lat' dir='ltr'><strong>aava,</strong></span> <span class='ocrx_word' id='word_1_678' title='bbox 1397 4471 1435 4538; x_wconf 84' lang='lat'><strong>2).</strong></span> <span class='ocrx_word' id='word_1_679' title='bbox 1465 4474 1529 4545; x_wconf 92' lang='lat' dir='ltr'><strong>lpse</strong></span> <span class='ocrx_word' id='word_1_680' title='bbox 1552 4476 1581 4528; x_wconf 89' lang='lat' dir='ltr'><strong>et</strong></span> <span class='ocrx_word' id='word_1_681' title='bbox 1609 4474 1746 4534; x_wconf 81' lang='lat' dir='ltr'><strong>Salvator</strong></span> <span class='ocrx_word' id='word_1_682' title='bbox 1767 4497 1827 4536; x_wconf 90' lang='lat' dir='ltr'><strong>om-</strong></span> 
     </span>
    </p>
   </div>
   <div class='ocr_carea' id='block_1_6' title="bbox 120 4559 1828 5439">
    <p class='ocr_par' dir='ltr' id='par_1_6' title="bbox 120 4559 1828 5439">
     <span class='ocr_line' id='line_1_49' title="bbox 124 4559 1828 4638; baseline 0.002 -16"><span class='ocrx_word' id='word_1_683' title='bbox 124 4567 203 4623; x_wconf 91' lang='lat' dir='ltr'><strong>enim</strong></span> <span class='ocrx_word' id='word_1_684' title='bbox 218 4566 278 4624; x_wconf 88' lang='lat' dir='ltr'><strong>ulla</strong></span> <span class='ocrx_word' id='word_1_685' title='bbox 292 4563 455 4621; x_wconf 80' lang='lat' dir='ltr'><strong>differentia</strong></span> <span class='ocrx_word' id='word_1_686' title='bbox 469 4560 562 4627; x_wconf 91' lang='lat' dir='ltr'><strong>liberi,</strong></span> <span class='ocrx_word' id='word_1_687' title='bbox 576 4564 605 4615; x_wconf 89' lang='lat' dir='ltr'><strong>ct</strong></span> <span class='ocrx_word' id='word_1_688' title='bbox 619 4559 705 4629; x_wconf 87' lang='lat' dir='ltr'><strong>servi,</strong></span> <span class='ocrx_word' id='word_1_689' title='bbox 721 4560 821 4629; x_wconf 78' lang='lat' dir='ltr'><strong>Greci,</strong></span> <span class='ocrx_word' id='word_1_690' title='bbox 837 4564 866 4616; x_wconf 90' lang='lat' dir='ltr'><strong>et</strong></span> <span class='ocrx_word' id='word_1_691' title='bbox 881 4562 945 4618; x_wconf 72' lang='lat' dir='ltr'><strong>bar</strong></span> <span class='ocrx_word' id='word_1_692' title='bbox 1002 4561 1095 4628; x_wconf 89' lang='lat' dir='ltr'><strong>nium,</strong></span> <span class='ocrx_word' id='word_1_693' title='bbox 1111 4560 1235 4615; x_wconf 82' lang='lat' dir='ltr'><strong>maxime</strong></span> <span class='ocrx_word' id='word_1_694' title='bbox 1246 4559 1387 4616; x_wconf 80' lang='lat' dir='ltr'><strong>bdelium.</strong></span> <span class='ocrx_word' id='word_1_695' title='bbox 1403 4560 1551 4618; x_wconf 83' lang='lat' dir='ltr'><strong>Adventus</strong></span> <span class='ocrx_word' id='word_1_696' title='bbox 1563 4561 1663 4635; x_wconf 76' lang='lat' dir='ltr'><strong>glorie</strong></span> <span class='ocrx_word' id='word_1_697' title='bbox 1688 4567 1757 4638; x_wconf 78' lang='lat' dir='ltr'><strong>eJ&#39;us</strong></span> <span class='ocrx_word' id='word_1_698' title='bbox 1772 4585 1828 4626; x_wconf 90' lang='lat' dir='ltr'><strong>non</strong></span> 
     </span>
     <span class='ocr_line' id='line_1_50' title="bbox 123 4648 1828 4726; baseline 0.004 -16"><span class='ocrx_word' id='word_1_699' title='bbox 123 4655 198 4725; x_wconf 88' lang='lat' dir='ltr'><strong>bari,</strong></span> <span class='ocrx_word' id='word_1_700' title='bbox 212 4653 388 4719; x_wconf 88' lang='lat' dir='ltr'><strong>circumcisi,</strong></span> <span class='ocrx_word' id='word_1_701' title='bbox 404 4656 432 4708; x_wconf 89' lang='lat' dir='ltr'><strong>st</strong></span> <span class='ocrx_word' id='word_1_702' title='bbox 447 4649 583 4706; x_wconf 87' lang='lat' dir='ltr'><strong>habentis</strong></span> <span class='ocrx_word' id='word_1_703' title='bbox 598 4648 785 4721; x_wconf 76' lang='lat' dir='ltr'><strong>preputium,</strong></span> <span class='ocrx_word' id='word_1_704' title='bbox 803 4650 944 4719; x_wconf 89' lang='lat' dir='ltr'><strong>mulieris,</strong></span> <span class='ocrx_word' id='word_1_705' title='bbox 1000 4651 1049 4706; x_wconf 89' lang='lat' dir='ltr'><strong>ille</strong></span> <span class='ocrx_word' id='word_1_706' title='bbox 1059 4649 1268 4721; x_wconf 87' lang='lat' dir='ltr'><strong>intelligendus</strong></span> <span class='ocrx_word' id='word_1_707' title='bbox 1279 4654 1395 4721; x_wconf 86' lang='lat' dir='ltr'><strong>sst,quo</strong></span> <span class='ocrx_word' id='word_1_708' title='bbox 1406 4649 1594 4709; x_wconf 88' lang='lat' dir='ltr'><strong>invisibiliter</strong></span> <span class='ocrx_word' id='word_1_709' title='bbox 1616 4657 1828 4726; x_wconf 86' lang='lat' dir='ltr'><strong>quotidiecum</strong></span> 
     </span>
     <span class='ocr_line' id='line_1_51' title="bbox 122 4737 1825 4814; baseline 0.002 -14"><span class='ocrx_word' id='word_1_710' title='bbox 122 4748 151 4800; x_wconf 90' lang='lat' dir='ltr'><strong>et</strong></span> <span class='ocrx_word' id='word_1_711' title='bbox 166 4744 229 4814; x_wconf 90' lang='lat' dir='ltr'><strong>viri,</strong></span> <span class='ocrx_word' id='word_1_712' title='bbox 247 4744 297 4798; x_wconf 90' lang='lat' dir='ltr'><strong>sed</strong></span> <span class='ocrx_word' id='word_1_713' title='bbox 312 4742 447 4798; x_wconf 88' lang='lat' dir='ltr'><strong>cunctiin</strong></span> <span class='ocrx_word' id='word_1_714' title='bbox 458 4740 572 4795; x_wconf 85' lang='lat' dir='ltr'><strong>Christo</strong></span> <span class='ocrx_word' id='word_1_715' title='bbox 585 4754 804 4806; x_wconf 84' lang='lat' dir='ltr'><strong>uuumsumus3</strong></span> <span class='ocrx_word' id='word_1_716' title='bbox 816 4739 945 4795; x_wconf 91' lang='lat' dir='ltr'><strong>universi</strong></span> <span class='ocrx_word' id='word_1_717' title='bbox 1000 4737 1395 4809; x_wconf 81' lang='lat' dir='ltr'><strong>Putre,non¹.absqueSpiritu</strong></span> <span class='ocrx_word' id='word_1_718' title='bbox 1412 4741 1561 4806; x_wconf 87' lang='lat' dir='ltr'><strong>sancto,ad</strong></span> <span class='ocrx_word' id='word_1_719' title='bbox 1573 4740 1676 4799; x_wconf 83' lang='lat' dir='ltr'><strong>fideles</strong></span> <span class='ocrx_word' id='word_1_720' title='bbox 1693 4747 1825 4813; x_wconf 87' lang='lat' dir='ltr'><strong>veniunt,</strong></span> 
     </span>
     <span class='ocr_line' id='line_1_52' title="bbox 122 4814 1822 4906; baseline 0.003 -18"><span class='ocrx_word' id='word_1_721' title='bbox 122 4832 158 4889; x_wconf 92' lang='lat' dir='ltr'><strong>ad</strong></span> <span class='ocrx_word' id='word_1_722' title='bbox 174 4832 225 4887; x_wconf 90' lang='lat' dir='ltr'><strong>Dei</strong></span> <span class='ocrx_word' id='word_1_723' title='bbox 241 4847 363 4904; x_wconf 88' lang='lat' dir='ltr'><strong>regnum</strong></span> <span class='ocrx_word' id='word_1_724' title='bbox 378 4845 516 4885; x_wconf 87' lang='lat' dir='ltr'><strong>vocamur</strong></span> <span class='ocrx_word' id='word_1_725' title='bbox 528 4845 535 4895; x_wconf 88' lang='lat'>;</span> <span class='ocrx_word' id='word_1_726' title='bbox 546 4843 648 4884; x_wconf 89' lang='lat' dir='ltr'><strong>ornnes</strong></span> <span class='ocrx_word' id='word_1_727' title='bbox 664 4831 730 4899; x_wconf 90' lang='lat' dir='ltr'><strong>post</strong></span> <span class='ocrx_word' id='word_1_728' title='bbox 741 4826 881 4883; x_wconf 81' lang='lat' dir='ltr'><strong>offensam</strong></span> <span class='ocrx_word' id='word_1_729' title='bbox 893 4828 945 4883; x_wconf 86' lang='lat' dir='ltr'><strong>Pn-</strong></span> <span class='ocrx_word' id='word_1_730' title='bbox 1000 4835 1027 4884; x_wconf 88' lang='lat' dir='ltr'><strong>et</strong></span> <span class='ocrx_word' id='word_1_731' title='bbox 1041 4814 1146 4899; x_wconf 78' lang='lat' dir='ltr'><strong>impio&#39;s</strong></span> <span class='ocrx_word' id='word_1_732' title='bbox 1163 4825 1389 4897; x_wconf 90' lang='lat' dir='ltr'><strong>derelinquunt;</strong></span> <span class='ocrx_word' id='word_1_733' title='bbox 1411 4830 1461 4883; x_wconf 88' lang='lat' dir='ltr'><strong>sed</strong></span> <span class='ocrx_word' id='word_1_734' title='bbox 1477 4826 1525 4884; x_wconf 89' lang='lat' dir='ltr'><strong>ille</strong></span> <span class='ocrx_word' id='word_1_735' title='bbox 1539 4829 1754 4904; x_wconf 88' lang='lat' dir='ltr'><strong>intelligendus</strong></span> <span class='ocrx_word' id='word_1_736' title='bbox 1769 4841 1822 4906; x_wconf 88' lang='lat' dir='ltr'><strong>ost,</strong></span> 
     </span>
     <span class='ocr_line' id='line_1_53' title="bbox 123 4915 1825 4996; baseline 0.002 -18"><span class='ocrx_word' id='word_1_737' title='bbox 123 4923 160 4978; x_wconf 89' lang='lat' dir='ltr'><strong>tri</strong></span> <span class='ocrx_word' id='word_1_738' title='bbox 176 4926 275 4979; x_wconf 90' lang='lat' dir='ltr'><strong>nostro</strong></span> <span class='ocrx_word' id='word_1_739' title='bbox 290 4917 496 4977; x_wconf 89' lang='lat' dir='ltr'><strong>reconciliandi</strong></span> <span class='ocrx_word' id='word_1_740' title='bbox 512 4933 626 4984; x_wconf 89' lang='lat' dir='ltr'><strong>sumus,</strong></span> <span class='ocrx_word' id='word_1_741' title='bbox 638 4933 694 4972; x_wconf 93' lang='lat' dir='ltr'><strong>non</strong></span> <span class='ocrx_word' id='word_1_742' title='bbox 712 4933 763 4987; x_wconf 90' lang='lat' dir='ltr'><strong>per</strong></span> <span class='ocrx_word' id='word_1_743' title='bbox 779 4916 882 4972; x_wconf 83' lang='lat' dir='ltr'><strong>marita</strong></span> <span class='ocrx_word' id='word_1_744' title='bbox 896 4934 946 4973; x_wconf 91' lang='lat' dir='ltr'><strong>no·</strong></span> <span class='ocrx_word' id='word_1_745' title='bbox 999 4916 1116 4989; x_wconf 88' lang='lat' dir='ltr'><strong>quando</strong></span> <span class='ocrx_word' id='word_1_746' title='bbox 1128 4917 1156 4971; x_wconf 90' lang='lat' dir='ltr'><strong>in</strong></span> <span class='ocrx_word' id='word_1_747' title='bbox 1171 4915 1322 4986; x_wconf 83' lang='lat' dir='ltr'><strong>majestate</strong></span> <span class='ocrx_word' id='word_1_748' title='bbox 1337 4933 1401 4987; x_wconf 91' lang='lat' dir='ltr'><strong>sua,</strong></span> <span class='ocrx_word' id='word_1_749' title='bbox 1417 4922 1445 4972; x_wconf 88' lang='lat' dir='ltr'><strong>et</strong></span> <span class='ocrx_word' id='word_1_750' title='bbox 1460 4917 1553 4974; x_wconf 88' lang='lat' dir='ltr'><strong>Patris</strong></span> <span class='ocrx_word' id='word_1_751' title='bbox 1567 4925 1712 4978; x_wconf 87' lang='lat' dir='ltr'><strong>venturus</strong></span> <span class='ocrx_word' id='word_1_752' title='bbox 1726 4929 1783 4996; x_wconf 89' lang='lat' dir='ltr'><strong>est,</strong></span> <span class='ocrx_word' id='word_1_753' title='bbox 1798 4930 1825 4981; x_wconf 84' lang='lat' dir='ltr'><strong>st</strong></span> 
     </span>
     <span class='ocr_line' id='line_1_54' title="bbox 121 5002 1822 5087; baseline 0.001 -19"><span class='ocrx_word' id='word_1_754' title='bbox 121 5017 191 5077; x_wconf 89' lang='lat' dir='ltr'><strong>stre,</strong></span> <span class='ocrx_word' id='word_1_755' title='bbox 208 5013 258 5068; x_wconf 90' lang='lat' dir='ltr'><strong>sed</strong></span> <span class='ocrx_word' id='word_1_756' title='bbox 275 5028 326 5084; x_wconf 91' lang='lat' dir='ltr'><strong>per</strong></span> <span class='ocrx_word' id='word_1_757' title='bbox 353 5009 477 5081; x_wconf 89' lang='lat' dir='ltr'><strong>gratiam</strong></span> <span class='ocrx_word' id='word_1_758' title='bbox 501 5005 657 5061; x_wconf 88' lang='lat' dir='ltr'><strong>Salvatoris</strong></span> <span class='ocrx_word' id='word_1_759' title='bbox 673 5006 782 5059; x_wconf 89' lang='lat' dir='ltr'><strong>nostri:</strong></span> <span class='ocrx_word' id='word_1_760' title='bbox 808 5005 851 5060; x_wconf 85' lang='lat' dir='ltr'><strong>vel</strong></span> <span class='ocrx_word' id='word_1_761' title='bbox 867 5007 944 5077; x_wconf 91' lang='lat' dir='ltr'><strong>quod</strong></span> <span class='ocrx_word' id='word_1_762' title='bbox 1000 5023 1101 5062; x_wconf 91' lang='lat' dir='ltr'><strong>omnes</strong></span> <span class='ocrx_word' id='word_1_763' title='bbox 1113 5002 1208 5076; x_wconf 86' lang='lat' dir='ltr'><strong>augeli</strong></span> <span class='ocrx_word' id='word_1_764' title='bbox 1223 5004 1286 5074; x_wconf 89' lang='lat' dir='ltr'><strong>ejus</strong></span> <span class='ocrx_word' id='word_1_765' title='bbox 1302 5020 1369 5061; x_wconf 90' lang='lat' dir='ltr'><strong>cum</strong></span> <span class='ocrx_word' id='word_1_766' title='bbox 1380 5022 1424 5073; x_wconf 90' lang='lat' dir='ltr'><strong>eo,</strong></span> <span class='ocrx_word' id='word_1_767' title='bbox 1435 5011 1464 5061; x_wconf 92' lang='lat' dir='ltr'><strong>st</strong></span> <span class='ocrx_word' id='word_1_768' title='bbox 1479 5005 1575 5063; x_wconf 88' lang='lat' dir='ltr'><strong>mittet</strong></span> <span class='ocrx_word' id='word_1_769' title='bbox 1584 5024 1634 5064; x_wconf 90' lang='lat' dir='ltr'><strong>eos</strong></span> <span class='ocrx_word' id='word_1_770' title='bbox 1650 5010 1688 5066; x_wconf 90' lang='lat' dir='ltr'><strong>sd</strong></span> <span class='ocrx_word' id='word_1_771' title='bbox 1706 5029 1822 5087; x_wconf 80' lang='lat' dir='ltr'><strong>congro·</strong></span> 
     </span>
     <span class='ocr_line' id='line_1_55' title="bbox 121 5093 1822 5176; baseline 0.001 -18"><span class='ocrx_word' id='word_1_772' title='bbox 121 5102 172 5158; x_wconf 88' lang='lat' dir='ltr'><strong>Dei</strong></span> <span class='ocrx_word' id='word_1_773' title='bbox 188 5101 281 5157; x_wconf 87' lang='lat' dir='ltr'><strong>Patris</strong></span> <span class='ocrx_word' id='word_1_774' title='bbox 294 5098 405 5164; x_wconf 87' lang='lat' dir='ltr'><strong>vivens,</strong></span> <span class='ocrx_word' id='word_1_775' title='bbox 417 5102 446 5153; x_wconf 89' lang='lat' dir='ltr'><strong>et</strong></span> <span class='ocrx_word' id='word_1_776' title='bbox 458 5095 623 5152; x_wconf 87' lang='lat' dir='ltr'><strong>subsistens</strong></span> <span class='ocrx_word' id='word_1_777' title='bbox 635 5093 729 5166; x_wconf 85' lang='lat' dir='ltr'><strong>gratia</strong></span> <span class='ocrx_word' id='word_1_778' title='bbox 741 5093 803 5165; x_wconf 89' lang='lat' dir='ltr'><strong>ipso</strong></span> <span class='ocrx_word' id='word_1_779' title='bbox 818 5095 856 5150; x_wconf 90' lang='lat' dir='ltr'><strong>sit</strong></span> <span class='ocrx_word' id='word_1_780' title='bbox 865 5095 944 5149; x_wconf 85' lang='lat' dir='ltr'><strong>Chri·</strong></span> <span class='ocrx_word' id='word_1_781' title='bbox 999 5095 1128 5167; x_wconf 85' lang='lat' dir='ltr'><strong>gundum</strong></span> <span class='ocrx_word' id='word_1_782' title='bbox 1144 5093 1251 5150; x_wconf 89' lang='lat' dir='ltr'><strong>electos</strong></span> <span class='ocrx_word' id='word_1_783' title='bbox 1261 5110 1342 5164; x_wconf 89' lang='lat' dir='ltr'><strong>suos,</strong></span> <span class='ocrx_word' id='word_1_784' title='bbox 1357 5097 1509 5152; x_wconf 89' lang='lat' dir='ltr'><strong>asummis</strong></span> <span class='ocrx_word' id='word_1_785' title='bbox 1520 5097 1674 5167; x_wconf 75' lang='lat' dir='ltr'><strong>calorum,</strong></span> <span class='ocrx_word' id='word_1_786' title='bbox 1683 5116 1780 5176; x_wconf 87' lang='lat' dir='ltr'><strong>usqne</strong></span> <span class='ocrx_word' id='word_1_787' title='bbox 1789 5102 1822 5159; x_wconf 83' lang='lat' dir='ltr'><strong>sd</strong></span> 
     </span>
     <span class='ocr_line' id='line_1_56' title="bbox 120 5181 1823 5262; baseline 0.003 -19"><span class='ocrx_word' id='word_1_788' title='bbox 120 5193 179 5256; x_wconf 89' lang='lat' dir='ltr'><strong>tus,</strong></span> <span class='ocrx_word' id='word_1_789' title='bbox 195 5190 239 5245; x_wconf 89' lang='lat' dir='ltr'><strong>vol</strong></span> <span class='ocrx_word' id='word_1_790' title='bbox 255 5190 332 5262; x_wconf 92' lang='lat' dir='ltr'><strong>quod</strong></span> <span class='ocrx_word' id='word_1_791' title='bbox 348 5187 455 5244; x_wconf 78' lang='lat' dir='ltr'><strong>Christi</strong></span> <span class='ocrx_word' id='word_1_792' title='bbox 472 5185 521 5240; x_wconf 80' lang='lat' dir='ltr'><strong>Dei</strong></span> <span class='ocrx_word' id='word_1_793' title='bbox 532 5181 689 5238; x_wconf 70' lang='lat' dir='ltr'><strong>salvatoris</strong></span> <span class='ocrx_word' id='word_1_794' title='bbox 705 5181 766 5237; x_wconf 80' lang='lat' dir='ltr'><strong>hac</strong></span> <span class='ocrx_word' id='word_1_795' title='bbox 782 5182 820 5238; x_wconf 90' lang='lat' dir='ltr'><strong>sit</strong></span> <span class='ocrx_word' id='word_1_796' title='bbox 834 5183 943 5255; x_wconf 87' lang='lat' dir='ltr'><strong>gratia;</strong></span> <span class='ocrx_word' id='word_1_797' title='bbox 999 5184 1139 5240; x_wconf 90' lang='lat' dir='ltr'><strong>terminos</strong></span> <span class='ocrx_word' id='word_1_798' title='bbox 1154 5198 1266 5252; x_wconf 91' lang='lat' dir='ltr'><strong>eorum,</strong></span> <span class='ocrx_word' id='word_1_799' title='bbox 1283 5187 1311 5237; x_wconf 91' lang='lat' dir='ltr'><strong>et</strong></span> <span class='ocrx_word' id='word_1_800' title='bbox 1327 5185 1545 5257; x_wconf 89' lang='lat' dir='ltr'><strong>congregabunt</strong></span> <span class='ocrx_word' id='word_1_801' title='bbox 1559 5191 1705 5247; x_wconf 85' lang='lat' dir='ltr'><strong>antaeum</strong></span> <span class='ocrx_word' id='word_1_802' title='bbox 1722 5206 1823 5248; x_wconf 80' lang='lat' dir='ltr'><strong>omnes</strong></span> 
     </span>
     <span class='ocr_line' id='line_1_57' title="bbox 121 5271 1824 5352; baseline 0.004 -22"><span class='ocrx_word' id='word_1_803' title='bbox 121 5282 149 5331; x_wconf 91' lang='lat' dir='ltr'><strong>st</strong></span> <span class='ocrx_word' id='word_1_804' title='bbox 166 5295 222 5333; x_wconf 92' lang='lat' dir='ltr'><strong>non</strong></span> <span class='ocrx_word' id='word_1_805' title='bbox 239 5284 337 5334; x_wconf 89' lang='lat' dir='ltr'><strong>nostro</strong></span> <span class='ocrx_word' id='word_1_806' title='bbox 352 5277 454 5332; x_wconf 90' lang='lat' dir='ltr'><strong>merito</strong></span> <span class='ocrx_word' id='word_1_807' title='bbox 469 5272 569 5328; x_wconf 81' lang='lat' dir='ltr'><strong>salvati</strong></span> <span class='ocrx_word' id='word_1_808' title='bbox 582 5272 675 5326; x_wconf 90' lang='lat' dir='ltr'><strong>simus</strong></span> <span class='ocrx_word' id='word_1_809' title='bbox 687 5272 846 5326; x_wconf 83' lang='lat' dir='ltr'><strong>secuudum</strong></span> <span class='ocrx_word' id='word_1_810' title='bbox 858 5271 942 5327; x_wconf 91' lang='lat' dir='ltr'><strong>illud.</strong></span> <span class='ocrx_word' id='word_1_811' title='bbox 999 5275 1109 5344; x_wconf 86' lang='lat' dir='ltr'><strong>gentes,</strong></span> <span class='ocrx_word' id='word_1_812' title='bbox 1128 5274 1155 5325; x_wconf 91' lang='lat' dir='ltr'><strong>ct</strong></span> <span class='ocrx_word' id='word_1_813' title='bbox 1170 5272 1334 5342; x_wconf 80' lang='lat' dir='ltr'><strong>segregabit</strong></span> <span class='ocrx_word' id='word_1_814' title='bbox 1349 5287 1398 5327; x_wconf 89' lang='lat' dir='ltr'><strong>eos</strong></span> <span class='ocrx_word' id='word_1_815' title='bbox 1414 5273 1450 5327; x_wconf 87' lang='lat' dir='ltr'><strong>ab</strong></span> <span class='ocrx_word' id='word_1_816' title='bbox 1465 5273 1600 5341; x_wconf 89' lang='lat' dir='ltr'><strong>invicem,</strong></span> <span class='ocrx_word' id='word_1_817' title='bbox 1626 5277 1709 5335; x_wconf 89' lang='lat' dir='ltr'><strong>sicut</strong></span> <span class='ocrx_word' id='word_1_818' title='bbox 1725 5284 1824 5352; x_wconf 82' lang='lat' dir='ltr'><strong>pastor</strong></span> 
     </span>
     <span class='ocr_line' id='line_1_58' title="bbox 122 5358 1714 5439; baseline 0.009 -31"><span class='ocrx_word' id='word_1_819' title='bbox 122 5367 198 5434; x_wconf 77' lang='lat' dir='ltr'><strong>quod</strong></span> <span class='ocrx_word' id='word_1_820' title='bbox 216 5367 244 5420; x_wconf 70' lang='lat' dir='ltr'><strong>jn</strong></span> <span class='ocrx_word' id='word_1_821' title='bbox 261 5367 393 5422; x_wconf 72' lang='grc'><strong>0)(01000</strong></span> <span class='ocrx_word' id='word_1_822' title='bbox 408 5364 514 5420; x_wconf 63' lang='lat' dir='ltr'><strong>dicitur</strong></span> <span class='ocrx_word' id='word_1_823' title='bbox 529 5378 561 5415; x_wconf 71' lang='lat'><strong>2«</strong></span> <span class='ocrx_word' id='word_1_824' title='bbox 578 5364 632 5413; x_wconf 79' lang='lat' dir='ltr'><strong>Pro</strong></span> <span class='ocrx_word' id='word_1_825' title='bbox 644 5358 734 5413; x_wconf 89' lang='lat' dir='ltr'><strong>nihilo</strong></span> <span class='ocrx_word' id='word_1_826' title='bbox 750 5360 845 5416; x_wconf 88' lang='lat' dir='ltr'><strong>salvos</strong></span> <span class='ocrx_word' id='word_1_827' title='bbox 856 5359 944 5416; x_wconf 88' lang='lat' dir='ltr'><strong>iacies</strong></span> <span class='ocrx_word' id='word_1_828' title='bbox 999 5363 1131 5432; x_wconf 86' lang='lat' dir='ltr'><strong>segregat</strong></span> <span class='ocrx_word' id='word_1_829' title='bbox 1145 5373 1212 5414; x_wconf 82' lang='lat' dir='ltr'><strong>oves</strong></span> <span class='ocrx_word' id='word_1_830' title='bbox 1228 5359 1263 5414; x_wconf 89' lang='lat' dir='ltr'><strong>sb</strong></span> <span class='ocrx_word' id='word_1_831' title='bbox 1279 5359 1369 5416; x_wconf 81' lang='lat' dir='ltr'><strong>hedis</strong></span> <span class='ocrx_word' id='word_1_832' title='bbox 1384 5362 1493 5433; x_wconf 76' lang='lat' dir='ltr'><strong>(Mettis.</strong></span> <span class='ocrx_word' id='word_1_833' title='bbox 1510 5380 1573 5434; x_wconf 80' lang='lat' dir='ltr'><strong>xxv,</strong></span> <span class='ocrx_word' id='word_1_834' title='bbox 1588 5365 1645 5439; x_wconf 87' lang='grc'>31),</span> <span class='ocrx_word' id='word_1_835' title='bbox 1658 5372 1714 5425; x_wconf 88' lang='lat' dir='ltr'><strong>etc.</strong></span> 
     </span>
    </p>
   </div>
   <div class='ocr_carea' id='block_1_7' title="bbox 157 5463 1190 5619">
    <p class='ocr_par' dir='ltr' id='par_1_7' title="bbox 157 5463 1190 5619">
     <span class='ocr_line' id='line_1_59' title="bbox 158 5463 1190 5540; baseline -0.002 -16"><span class='ocrx_word' id='word_1_836' title='bbox 158 5470 236 5538; x_wconf 87' lang='grc'>(1371</span> <span class='ocrx_word' id='word_1_837' title='bbox 267 5476 296 5528; x_wconf 82' lang='lat' dir='ltr'><strong>t).</strong></span> <span class='ocrx_word' id='word_1_838' title='bbox 315 5472 430 5529; x_wconf 87' lang='lat' dir='ltr'><strong>Hieron.</strong></span> <span class='ocrx_word' id='word_1_839' title='bbox 447 5469 591 5527; x_wconf 82' lang='lat' dir='ltr'><strong>charitate.</strong></span> <span class='ocrx_word' id='word_1_840' title='bbox 1034 5463 1125 5540; x_wconf 78' lang='grc'>(1373)</span> <span class='ocrx_word' id='word_1_841' title='bbox 1140 5464 1190 5522; x_wconf 75' lang='lat' dir='ltr'><strong>ia.</strong></span> 
     </span>
     <span class='ocr_line' id='line_1_60' title="bbox 157 5541 314 5619; baseline 0.019 -21"><span class='ocrx_word' id='word_1_842' title='bbox 157 5541 239 5619; x_wconf 83' lang='grc'>(1372</span> <span class='ocrx_word' id='word_1_843' title='bbox 264 5545 314 5601; x_wconf 82' lang='lat' dir='ltr'><strong>Ari.</strong></span> 
     </span>
    </p>
   </div>
   <div class='ocr_carea' id='block_1_8' title="bbox 0 0 1958 6096">
    <p class='ocr_par' dir='ltr' id='par_1_8' title="bbox 0 0 1958 6096">
     <span class='ocr_line' id='line_1_61' title="bbox 0 0 1958 6096; baseline 0 5"><span class='ocrx_word' id='word_1_844' title='bbox 0 0 1958 6096; x_wconf 95' lang='lat' dir='ltr'><strong> </strong></span> 
     </span>
    </p>
   </div>
  </div>
 </body>
</html>
