3908 6096
125 340 185 406 666
327 342 592 410 exeosdromi
615 344 829 409 aelstanus
850 342 980 407 PAULl.
996 374 1037 390 -
1056 343 1096 404 lN
1119 342 1242 407 uulsa.
1267 343 1279 405 l
1300 341 1351 404 ab
1372 333 1623 403 rluounuutl.
1763 327 1824 391 666

126 475 236 543 minue,
253 476 330 533 mala
345 482 431 534 erunt
444 478 586 535 asserenti
606 494 749 549 perverse.
765 479 887 535 Peccare
903 481 948 534 est
962 480 989 546 Α
1003 478 1087 535 muni
1103 478 1194 552 (1297)
1209 478 1371 550 gratiarum
1387 474 1500 530 actione
1515 465 1760 547 suscipiatlteum
1776 480 1827 521 au-

128 564 207 620 anim
221 581 404 639 unaqueque
420 567 540 623 minime
555 567 625 623 locis
638 569 701 624 suis
716 567 950 641 exponerePra·
1004 575 1112 625 otarem
1128 568 1217 638 hujus
1233 568 1398 641 praeterens,
1415 569 1442 620 61
1455 561 1624 619 6611666666
1638 558 1668 613 16
1685 554 1826 612 Christo?

127 657 208 710 terea
223 655 394 726 quiajustis
409 655 472 730 lege
487 673 545 712 non
560 672 633 730 opus
648 663 703 719 666,
718 658 814 728 16666,
830 656 949 727 616661,
1005 655 1409 730 Quiuthomiaempeccatis
1438 652 1577 721 ablueret,
1607 645 1823 705 decoelestibus

129 746 248 816 accepta
261 745 434 801 remissione
448 750 643 819 peccatorum,
653 746 803 814 justificati
819 750 898 814 sunt,
916 761 951 800 ne
1005 747 1040 803 66
1056 752 1171 803 6666666
1186 747 1376 815 6666666666,
1393 759 1508 801 carnem
1520 739 1629 814 peccati
1645 736 1825 808 accepit,ter·

124 829 189 903 jam
204 830 302 887 vivant
316 832 372 889 aab
386 832 459 906 lage,
475 851 493 890 a
515 851 573 907 qua
596 834 708 892 liberati
724 841 795 891 eunt
808 834 884 890 dano
899 833 949 889 Dei
1005 837 1084 894 renis
1099 852 1129 892 aa
1145 835 1347 906 admiscuit,ut
1358 852 1425 891 eum
1436 832 1580 890 coelestem
1595 829 1733 897 alliceret,
1751 824 1825 881 mori

127 934 182 992 per
196 919 283 976 lldem
299 920 416 989 Christi,
433 924 949 997 666666166666666661666661666,
1005 941 1036 981 66
1051 942 1155 998 passus
1170 929 1224 996 661,
1240 929 1273 980 66
1283 924 1367 981 illum
1379 927 1471 979 morto
1481 924 1598 977 erutum
1610 917 1745 989 paradiso
1759 915 1825 970 red-

127 1024 192 1081 666
207 1008 350 1066 creatoris
365 1010 561 1084 cognitionem
578 1013 695 1085 recepit,
721 1018 751 1068 et
765 1029 821 1068 6ο6
837 1011 951 1083 6666661
1005 1015 1087 1071 66666
1100 1013 1307 1070 immortalem.
1325 1012 1397 1077 Quis
1408 1012 1469 1067 666
1483 1007 1625 1067 66666616
1639 1023 1697 1062 666
1712 1003 1742 1059 16
1758 1003 1825 1060 166-

124 1096 262 1154 66666666
272 1116 279 1168 ;
291 1097 396 1170 judieii
420 1101 497 1157 diem
521 1107 681 1174 expectant,
700 1103 730 1157 in
745 1119 803 1174 quo
814 1101 889 1172 Justi
904 1117 951 1156 re·
1005 1103 1100 1159 nitum
1116 1102 1245 1168 extollat,
1261 1119 1325 1174 666
1349 1106 1423 1156 bena
1439 1097 1572 1171 prestitit
1587 1092 1710 1160 homini,
1726 1093 1825 1149 Domi·

127 1186 305 1242 munerandi
325 1192 396 1244 sunt
425 1190 622 1248 custodientes
650 1191 745 1265 legem
774 1188 950 1254 naturalem,
1005 1210 1061 1250 nus
1077 1208 1171 1259 servo,
1186 1192 1325 1248 Conditor
1336 1194 1474 1246 creatura
1484 1192 1543 1251 :ut
1556 1185 1623 1258 plus
1639 1184 1733 1240 adhuc
1748 1185 1826 1239 6666

129 1275 258 1347 quamsi
274 1274 545 1351 humanumgenus
561 1280 664 1336 ducem
682 1279 844 1346 habuisset,
860 1277 950 1334 lexin
1005 1281 1034 1338 16
1050 1280 1198 1338 6666116116
1213 1280 1373 1348 66666616,
1389 1293 1478 1348 quam
1493 1292 1561 1331 cum
1576 1275 1643 1332 iecit
1673 1288 1736 1345 qua
1765 1286 1821 1326 nor

127 1362 233 1420 litteris
249 1381 301 1438 per
314 1366 432 1440 Moysen
448 1368 516 1424 data
530 1385 587 1424 666
604 1368 715 1425 luisset.
732 1369 785 1424 Sed
802 1369 872 1441 quia
886 1384 952 1424 con·
1005 1373 1097 1436 erant,
1115 1374 1304 1442 posteaquam
1320 1368 1411 1424 fecit?
1424 1363 1537 1422 Etenim
1552 1362 1709 1419 derelictus
1720 1362 1756 1417 ab
1767 1359 1824 1431 616,

126 1453 252 1524 temptui
268 1453 357 1512 ducta
372 1460 426 1524 est,
443 1456 527 1528 66661
544 1456 653 1515 6611166
669 1462 746 1514 esset
756 1456 950 1523 auctoritatis,
1004 1463 1033 1514 61
1047 1463 1243 1532 contemptus,
1257 1463 1286 1514 et
1316 1453 1490 1513 contumelia
1514 1451 1671 1525 appetitus,
1692 1449 1774 1504 addit
1788 1449 1823 1503 66

126 1540 950 1620 Scripturallrmataest,utscireturquodservandaasset,
1004 1548 1145 1604 beneficia
1159 1564 1217 1603 non
1233 1546 1404 1620 requisitus,
1431 1548 1464 1600 ut
1478 1541 1591 1615 grauior
1613 1542 1700 1609 66666,
1717 1542 1746 1593 61
1759 1536 1826 1609 6166

127 1633 157 1686 61
172 1634 290 1703 6666666
318 1636 435 1705 tempus
458 1650 597 1705 6666666,
621 1635 734 1707 666616
756 1633 951 1707 requisiturus
1005 1637 1202 1711 praeferendus
1217 1637 1287 1693 dum
1303 1637 1517 1708 reparatquam
1528 1646 1594 1686 oum
1609 1627 1827 1694 lecitutosten·

125 1722 173 1775 666
183 1717 353 1775 infuturum
364 1721 414 1793 qui
425 1720 506 1778 illam
518 1723 654 1789 firmavit,
666 1724 797 1796 aquibus
809 1724 950 1797 neglecta,
1005 1723 1086 1783 deret
1101 1742 1192 1782 uuum
1210 1742 1240 1782 66
1255 1742 1328 1791 6666,
1354 1722 1403 1796 661
1418 1720 1480 1776 666
1504 1717 1604 1775 omnia
1618 1716 1721 1790 possit.
1735 1714 1828 1787 igitur

125 1811 158 1862 66
172 1822 190 1862 6
204 1806 313 1879 661666
327 1814 441 1867 servata
454 1817 506 1870 est.
533 1814 635 1884 ltaque
650 1829 708 1868 non
723 1813 819 1870 solum
835 1815 952 1885 propter
965 1845 991 1910 B
1005 1815 1047 1872 aio
1062 1815 1196 1871 Christus
1211 1813 1380 1888 presidium
1396 1810 1465 1867 tulit
1478 1806 1601 1874 homini,
1620 1811 1654 1862 ut
1668 1804 1825 1877 puritatem

127 1893 223 1951 malos
239 1901 322 1953 actus
337 1903 365 1954 et
382 1899 452 1956 vitia
479 1900 608 1973 corporis
634 1902 725 1975 legem
755 1903 853 1959 datam
869 1901 950 1969 dicit,
1005 1921 1090 1961 suam
1106 1922 1163 1961 non
1177 1902 1307 1975 violaret,
1323 1917 1375 1957 nec
1390 1898 1557 1956 admitteret
1572 1898 1756 1970 potestatem.
1774 1893 1827 1948 lla·

125 1982 178 2040 sed
194 1989 312 2057 propter
326 1987 488 2060 perfidiam,
506 2006 564 2062 qua
583 1991 760 2063 spernebant
775 1994 949 2058 creatorem,
1005 1994 1115 2050 minem
1131 1980 1827 2061 66166666616666161666666616666666666616

124 2077 160 2128 61
174 2071 248 2129 bene
262 2072 356 2131 vivere
371 2076 556 2134 addiscerent
569 2083 598 2134 et
619 2079 728 2151 gratias
743 2084 862 2154 agerent
876 2081 950 2136 Con·
1006 2087 1140 2140 contactu
1156 2098 1187 2138 se
1212 2080 1333 2136 minime
1352 2078 1464 2136 violari.
1488 2071 1704 2132 conversationi
1719 2070 1827 2126 buma-

123 2159 225 2217 dltori.
1006 2189 1049 2227 66
1065 2188 1096 2227 66
1121 2170 1250 2239 miscuit,
1279 2169 1375 2226 aciens
1403 2165 1529 2241 peccatis
1548 2180 1580 2220 se
1605 2160 1752 2233 corrumpi
1768 2175 1827 2215 non

161 2251 193 2305 61
207 2253 315 2322 6661166
327 2268 378 2323 666
392 2254 532 2326 66661666
544 2260 706 2329 confortaret
719 2258 751 2314 in
763 2256 871 2313 Christo
884 2260 948 2314 teau
1005 2277 1102 2335 posse.
1118 2258 1215 2316 Occidi
1230 2275 1261 2315 se
1288 2273 1394 2330 666666
1408 2259 1462 2324 661,
1487 2268 1544 2309 666
1571 2250 1688 2307 nescius
1704 2252 1826 2305 mortem

122 2338 238 2396 Domino
252 2344 357 2410 nostra,
372 2343 443 2414 paad
461 2338 572 2414 fidetem
586 2363 629 2402 me
652 2347 832 2415 existimavit,
847 2363 951 2418 ponens
1005 2348 1061 2404 6161
1079 2347 1222 2404 dominari
1234 2362 1292 2402 non
1304 2344 1453 2418 posse,sed
1467 2357 1530 2398 eam
1543 2357 1596 2396 sua
1606 2337 1771 2411 opprimere
1780 2351 1831 2408 po-

122 2427 157 2482 ia
167 2429 368 2499 ministeriam,
385 2433 433 2503 qni
441 2433 522 2503 priua
533 2449 609 2490 cram
619 2433 803 2507 blasphemas,
819 2438 844 2490 et
857 2452 949 2508 perae·
1005 2441 1118 2493 testate.
1135 2437 1201 2492 1166
1214 2451 1282 2509 ergo
1295 2434 1396 2507 gessit,
1409 2436 1440 2487 nt
1454 2430 1554 2487 omnia
1564 2446 1594 2484 66
1605 2443 1690 2501 66666
1701 2426 1826 2481 doceret.

121 2518 951 2589 autor,etcaatamclioaus;scdmiacricardiamcamecatas
1004 2526 1162 2582 Humilitas
1191 2525 1269 2581 enim
1293 2524 1349 2579 ista
1373 2538 1430 2576 non
1456 2520 1492 2575 66
1522 2516 1747 2573 diminutionem
1763 2514 1828 2585 ejus

122 2620 195 2675 sum,
211 2607 279 2677 66116
294 2608 425 2679 ipsoram
439 2612 494 2681 saci
509 2610 628 2666 nondam
638 2612 757 2668 credam.
774 2614 949 2686 Superatus·
1005 2615 1131 2690 proficit,
1148 2615 1248 2670 nadad
1264 2612 1397 2686 gloriam,
1414 2614 1442 2665 et
1456 2624 1514 2663 non
1530 2606 1625 2662 solnm
1641 2606 1826 2676 ejus,verum

121 2692 199 2748 davit
214 2703 305 2750 661666
319 2698 415 2765 666116
443 2699 555 2754 Domini
582 2702 671 2757 nostri
684 2717 746 2756 cum
770 2702 823 2774 fide
837 2706 864 2758 et
878 2702 950 2759 ‹iile-
1004 2705 1093 2762 etiam
1110 2699 1456 2777 inipsumcredentinm.
1473 2693 1754 2770 Dignitaseetenim
1771 2709 1829 2748 scr-

120 2782 298 2854 611666666
315 2788 354 2840 661
369 2786 397 2841 16
416 2787 527 2844 Christo
538 2791 612 2845 lesa.
623 2790 746 2863 Propter
760 2791 835 2863 6666
852 2792 950 2847 omnis
1003 2809 1072 2849 vum
1089 2791 1305 2864 666666666116.
1322 2793 1393 2844 Cum
1410 2790 1477 2843 6666
1487 2784 1655 2858 Apostolum
1672 2781 1756 2838 multi
1773 2781 1828 2835 uti-

121 2867 294 2927 inoredulus
310 2872 511 2931 infirmitatem
526 2877 616 2933 animi
638 2878 758 2950 patitur,
775 2880 949 2935 constrictus
1006 2899 1063 2955 qna
1077 2880 1273 2937 credidissent
1297 2878 1466 2933 ludaeorum
1481 2891 1516 2930 ex
1533 2874 1590 2938 616,
1604 2871 1653 2944 661
1669 2870 1826 2927 Dominum

123 2958 236 3015 carnali
252 2961 363 3017 ratione
378 2979 415 3019 ne
431 2964 530 3020 credat
548 2965 693 3040 spiritali3
714 2967 821 3023 idcirco
837 2968 949 3024 Christo
1005 2971 1103 3043 ipsum
1120 2957 1826 3038 ο661666666,1166616166166666616666661166,

84 3052 90 3065 ’
122 3062 156 3103 66
170 3048 280 3120 gratias
297 3050 369 3106 dicit
384 3067 486 3124 agere,
508 3054 578 3125 quia
599 3056 770 3128 apparentia
785 3057 950 3127 majestatis
1004 3059 1101 3115 adhuc
1116 3058 1217 3114 661666
1232 3057 1268 3112 66
1283 3073 1337 3112 saa
1351 3049 1699 3122 incredulitate,primum
1715 3064 1747 3103 66
1762 3062 1827 3102 om·

122 3152 185 3192 sua
200 3137 420 3197 inbecillitatem
436 3141 544 3198 mantis
558 3144 622 3214 ejas
634 3144 778 3200 roboravit
792 3164 798 3214 3
810 3145 880 3218 quia
893 3147 948 3202 im·
1006 3149 1088 3204 nium
1105 3145 1288 3220 peccantium
1304 3140 1542 3207 vocat.anniam
1558 3137 1635 3195 enim
1647 3153 1705 3210 pra
1716 3135 1827 3192 caeteris

121 3222 267 3298 possibile
282 3229 405 3300 putabat
415 3245 480 3287 6666
491 3230 568 3302 6666
583 3232 620 3287 66
630 3233 745 3288 Domini
761 3237 949 3306 potestataat
965 3210 987 3278 C
1006 3240 1189 3293 sacramento
1205 3251 1235 3290 se
1251 3233 1358 3289 imbuit
1370 3228 1662 3301 Salvatorispropins
1678 3227 1713 3283 ad
1725 3241 1826 3298 cogro-

120 3313 683 3392 geminanativitatemresurrectione,
700 3326 726 3377 61
742 3322 950 3394 6666666166-
1004 3326 1112 3382 666666
1145 3320 1392 3397 magnificentiam
1430 3321 1494 3391 ejus
1529 3317 1680 3387 accedens,
1710 3317 1828 3370 accusat

119 3402 220 3458 batur.
233 3403 432 3461 Gonllrmatue
444 3411 543 3463 autem
555 3408 712 3466 talisvisus
722 3412 831 3485 666661
842 3412 950 3485 dignus
1005 3431 1036 3472 se
1052 3412 1210 3485 magis,qui
1220 3415 1334 3467 tantum
1351 3409 1418 3465 boni
1434 3408 1516 3463 tarde
1532 3403 1659 3479 agnovit,
1670 3420 1724 3459 nec
1738 3402 1826 3470 ultro,

120 3495 204 3547 66666
216 3508 249 3547 66
265 3498 365 3565 posset
379 3494 565 3566 dispensator
579 3514 643 3554 esee
660 3501 835 3556 sacramenti
851 3500 949 3558 Dami-
1005 3505 1055 3560 sed
1067 3500 1341 3571 misericordiaejus
1351 3499 1560 3572 proventuum
1572 3493 1826 3567 ipsetestisesset,

120 3579 291 3641 miniates
318 3597 386 3639 vera
413 3600 465 3655 per
491 3584 585 3658 legem
615 3588 756 3661 firmaret,
781 3607 844 3662 666
868 3591 950 3663 66166
1004 3592 1166 3649 divinitatis
1181 3591 1255 3662 rjus,
1272 3605 1358 3662 quem
1375 3587 1501 3660 priusut
1515 3582 1664 3639 hominem
1678 3585 1826 3638 mortuum

121 3683 222 3727 amore
238 3666 310 3742 legis
325 3667 509 3729 incredibilia
515 3673 679 3745 judicabat,
689 3682 718 3732 61
731 3677 760 3732 16
776 3680 949 3752 6666666116-
1004 3680 1258 3739 aestimantem
1278 3677 1425 3734 accusatio
1454 3674 1519 3745 rjus
1534 3677 1588 3732 666,
1605 3671 1670 3727 1666
1684 3686 1751 3727 vero
1765 3669 1827 3724 Sal·

122 3756 212 3811 nibus
227 3758 377 3829 gauderet,
393 3776 467 3831 quas
483 3762 565 3833 66166
575 3765 747 3837 quaeijueta
762 3769 950 3824 credentibus
1003 3771 1112 3827 vetoris
1128 3770 1178 3841 661
1203 3768 1238 3823 66
1263 3766 1428 3838 exemplum
1453 3766 1622 3818 ceterorum
1646 3759 1827 3815 credentium
1890 3776 1898 3789 ·

121 3844 380 3914 inferebat‚dolene
391 3849 587 3921 quiaiscerat,
599 3850 683 3908 latus
693 3854 762 3927 quia
772 3857 948 3927 patiebatur.
1005 3863 1228 3934 persequentem
1240 3873 1271 3911 66
1283 3853 1394 3909 vocavit
1409 3853 1443 3907 66
1456 3851 1590 3924 gratiam,
1603 3852 1636 3903 ut
1650 3864 1702 3920 per
1716 3847 1827 3918 666166-

120 3936 246 3989 'rantam
262 3934 340 3990 enim
357 3951 440 4009 spem
457 3937 598 3995 didicerat
613 3940 643 3996 in
655 3957 698 4005 eo,
716 3959 803 4015 quern
820 3951 950 4000 661666·
1005 3950 1076 4005 tiam
1092 3963 1188 4016 suam,
1206 3941 1476 4017 magnanimitatem
1489 3940 1518 3993 ia
1529 3954 1563 3994 66
1573 3936 1739 3992 6666666661
1749 3939 1828 3990 6666-

122 4022 223 4097 gabat,
239 4026 272 4079 ut
287 4022 354 4096 plus
377 4026 518 4099 gauderet
546 4027 576 4083 in
593 4029 739 4102 patiendo,
764 4048 852 4104 quam
868 4033 950 4105 prius
1004 4037 1056 4106 ria,
1072 4035 1122 4108 qui
1138 4033 1256 4089 inimico
1273 4038 1331 4088 tam
1343 4027 1500 4085 benevolus
1512 4024 1633 4092 exstitit,
1644 4023 1740 4094 666116
1751 4026 1828 4077 66661

120 4109 319 4169 exsultaverat
334 4112 363 4168 in
379 4116 664 4187 persequendoNon
678 4118 756 4174 enim
769 4119 880 4175 malitia
895 4120 951 4176 hoc
1005 4126 1122 4182 iuturus
1137 4124 1172 4180 66
1188 4138 1220 4178 66
1237 4118 1470 4176 decurrentibus.

121 4200 238 4272 agebat,
255 4201 306 4256 ead
322 4218 430 4270 errore,
457 4203 504 4261 cui
535 4203 618 4261 facile
642 4212 749 4279 potest,
764 4225 830 4264 cnm
846 4209 949 4282 recipi·
1039 4215 1213 4284 1166166166
1233 4208 1398 4265 saecularum
1426 4203 1588 4274 immortali,
1613 4200 1759 4271 invisibili,
1774 4199 1829 4255 sali

121 4288 297 4361 66116296),
313 4289 436 4363 ignosci.
453 4291 508 4359 061
523 4298 622 4350 autem
649 4295 705 4352 scit
725 4312 792 4352 vera
807 4313 870 4354 6666
885 4316 949 4372 666
1004 4305 1058 4361 Dea
1072 4303 1158 4358 donar
1180 4304 1205 4356 61
1230 4299 1321 4370 picria
1348 4299 1378 4352 in
1392 4295 1493 4351 nacula
1520 4292 1694 4350 saeculoram.
1712 4289 1776 4344 1166
1791 4288 1824 4343 66

120 4382 220 4451 negat,
236 4377 285 4434 hic
300 4395 357 4434 non
373 4396 469 4437 errore
494 4380 548 4437 boo
569 4382 638 4455 agit,
669 4385 719 4441 sed
735 4385 948 4444 malevolentia.
1003 4390 1055 4449 Dei
1070 4389 1163 4448 Patris
1178 4403 1333 4461 personam
1348 4386 1502 4457 pertinent,
1527 4397 1613 4454 quem
1629 4377 1827 4434 immortalem

121 4465 219 4538 liujus
234 4460 398 4525 insanabile
407 4468 516 4526 vulnus
526 4476 579 4527 set.
592 4472 792 4529 invidiaenirn
803 4474 950 4549 compelli·
1004 4479 1069 4536 ideo
1085 4477 1191 4544 solum,
1207 4480 1235 4533 at
1250 4474 1427 4531 invisibilem
1440 4468 1650 4545 appellat,quia
1664 4466 1761 4523 omnis
1773 4466 1828 4521 im·

120 4559 172 4611 tur
185 4554 293 4611 lalsum
309 4556 456 4629 appellare
471 4559 549 4631 quod
564 4559 620 4616 soit
632 4578 741 4617 verum.
965 4576 990 4640 D
1005 4566 1168 4624 mortalitas
1183 4566 1219 4621 ab
1234 4565 1298 4637 ipso
1313 4567 1367 4630 est,
1385 4566 1418 4616 ut
1433 4558 1487 4633 ipsi
1504 4557 1557 4615 soli
1572 4556 1667 4628 magis
1681 4560 1829 4629 competat

161 4648 308 4701 Humanas
322 4659 422 4716 ammo,
442 4650 468 4702 et
494 4650 573 4704 omni
594 4651 751 4722 acceptione
772 4651 873 4722 616666
887 4657 952 4726 6616
1007 4656 1183 4725 inveritate,
1200 4653 1268 4726 quia
1282 4652 1407 4725 quisque
1429 4645 1606 4704 immortalis
1621 4648 1675 4717 est,
1691 4660 1749 4700 non
1765 4661 1782 4699 a
1797 4660 1828 4700 sa

121 4732 247 4789 Christus
272 4736 448 4793 1666666611
476 4737 508 4792 in
537 4736 610 4792 bunc
637 4739 771 4796 mandam
798 4752 951 4813 peccatores
1005 4745 1082 4802 hanc
1097 4743 1195 4810 habat,
1211 4741 1260 4796 sed
1277 4741 1313 4796 ab
1328 4739 1388 4794 1116.
1400 4737 1495 4794 Simili
1510 4737 1596 4792 moda
1610 4739 1639 4791 61
1654 4735 1683 4789 in
1699 4735 1827 4807 Evange-

119 4821 731 4897 6616616666»,66666661666666666.
752 4829 802 4885 Sed
816 4832 878 4888 ideo
892 4835 948 4886 mi·
1006 4834 1043 4889 lio
1059 4832 1167 4906 legitur
1182 4830 1295 4885 dicente
1318 4826 1459 4883 Domino:
1477 4826 1548 4896 Quia
1565 4839 1645 4881 namo
1668 4830 1717 4890 eat,
1733 4822 1829 4893 inquit

120 4910 302 4968 rcriaordr'am
330 4916 488 4970 consecutor
515 4930 587 4986 sam,
616 4918 647 4969 61
672 4918 703 4970 in
730 4934 773 4974 ma
801 4921 949 4977 ostenderet
1004 4920 1271 4987 damascianam
1298 4918 1369 4972 11666
1399 4915 1492 4987 (liora
1522 4932 1549 4970 x.
1579 4914 1633 4982 18).
1659 4912 1695 4968 ut
1720 4912 1827 4967 iterum

120 4999 246 5057 camara
259 5000 337 5057 lesus
365 5017 473 5057 omnem
499 5005 765 5075 mapnanimitatem,
789 5010 948 5079 61661166-
1003 5009 1065 5083 ipsa
1080 5008 1172 5065 dicit:
1200 5011 1291 5063 Bonae
1319 5006 1398 5061 lamo
1423 5005 1458 5060 de
1472 5004 1539 5060 tana
1567 5003 1696 5060 thesauro
1722 5001 1827 5070 profert

117 5090 202 5156 tiam,
216 5087 252 5144 66
265 5090 421 5163 exemplam
444 5106 541 5146 coram
556 5091 605 5162 661
629 5092 765 5181 creditori
777 5102 841 5151 sant
858 5098 903 5153 illi
917 5099 947 5153 in
1004 5099 1074 5155 bana
1086 5097 1197 5169 (Mattlr.
1213 5112 1264 5163 xu,
1277 5096 1334 5163 35).
1349 5095 1440 5150 Nemo
1456 5092 1625 5158 tamen,niei
1647 5104 1724 5145 unus
1740 5091 1827 5155 Deus,

117 5179 207 5234 vitam
221 5180 361 5234 aternam.
378 5176 451 5242 Ouid
467 5182 527 5235 tam
554 5183 684 5252 gratum,
708 5185 946 5255 tamquejucaa·
1003 5188 1169 5253 bonusest,
1186 5184 1254 5256 6616
1270 5185 1334 5256 1666
1350 5184 1415 5239 1666
1438 5181 1828 5248 6661161166666666666-

118 5266 204 5337 dum,
220 5282 308 5338 quam
326 5266 527 5338 peccatoribus
538 5266 752 5341 indulgentiam
766 5260 922 5344 praedicare
1003 5276 1056 5331 teri
1072 5278 1220 5346 potantur,
1236 5277 1267 5328 ut
1282 5272 1350 5329 boni
1362 5271 1430 5327 sint.
1443 5271 1507 5343 lpse
1517 5274 1561 5324 est
1575 5264 1769 5322 etinvisibilis
1779 5282 1825 5320 66-

117 5354 192 5420 0616
207 5354 285 5410 enim
300 5355 363 5412 sina
375 5360 492 5427 peccata
501 5362 557 5427 eet,
568 5356 666 5414 uthoo
677 5375 786 5417 munus
797 5377 855 5418 non
866 5379 945 5420 com·
1002 5363 1051 5420 lus
1061 5360 1307 5434 Deua,qaianulli
1319 5376 1466 5432 sanquam
1478 5359 1559 5413 visua
1568 5359 1621 5412 eet.
1633 5353 1737 5411 Omnia
1747 5353 1826 5410 enim

156 5549 251 5622 (1296)
262 5548 573 5623 llmendatumlegitur
584 5551 614 5607 in
626 5553 834 5613 ambrosiastri
845 5557 945 5633 06661-
1039 5557 1130 5630 (1297)
1146 5556 1178 5612 16
1192 5555 1345 5631 impressis
1366 5553 1423 5611 divi
1449 5550 1584 5609 Ambrosi
1613 5549 1757 5626 Operibus
1770 5564 1827 5608 nan

117 5621 187 5678 bus.
204 5620 237 5678 ln
252 5638 346 5695 marg.
362 5622 404 5680 ita
414 5639 421 5682 :
433 5625 537 5695 661611,
550 5640 613 5681 cnm
627 5627 755 5699 resipuit.
1001 5646 1065 5686 cam
1080 5630 1167 5686 amni.
