3908 6096
119 277 179 357 ssa
402 277 612 344 uxrusrrro
631 277 672 349 ru
693 277 911 347 sussionis
933 277 1166 347 raum-ru
1186 279 1313 346 arar.
1355 277 1410 344 ec
1432 279 1529 347 nou.
1766 277 1828 345 ros
1902 231 1907 240 ’

158 411 235 486 (dee.
251 410 336 484 XVI.)
352 411 446 469 Finito
462 412 587 484 denique
602 412 801 481 textu‚trausit
814 414 851 469 ad
863 412 942 471 salu·
958 419 985 486 Α
1033 415 1156 470 Salutate
1169 415 1355 472 Andronicum
1368 423 1394 471 ct
1414 416 1520 472 lulium
1538 414 1627 485 (168).
1650 413 1768 484 Virum,
1797 416 1828 472 ct

119 501 290 568 lsticncset
304 502 448 573 quosdam
460 501 577 574 quidem
594 501 711 569 salutat,
723 504 867 574 quosdam
880 520 947 560 vero
1002 520 1122 560 uxorem
1137 503 1299 576 intelligere
1314 505 1467 561 debemus.
1483 506 1557 561 Cum
1571 522 1638 562 vero
1660 505 1825 578 subjungit,

120 608 226 652 sxsna
240 594 322 664 parte
346 592 542 656 commendat,
565 592 642 647 sicut
665 593 801 658 Phaebon,
821 593 945 649 dicens:
1001 601 1130 667 ecprutcc
1154 598 1181 648 et
1208 596 1380 665 concaptivos
1405 610 1484 662 meac,
1509 594 1637 650 ostendit
1662 611 1711 650 eos
1735 592 1826 650 luisse

120 681 285 742 Commendo
295 686 390 737 autem
403 682 478 736 cotis
491 681 611 738 Ptelea
625 698 746 738 sororem
759 699 858 738 mam.
874 684 947 738 Cum
1000 683 1119 740 tadeus
1134 681 1249 753 sibique
1273 688 1474 756 cooperatores
1498 683 1527 739 in
1551 683 1765 755 predicatione.
1790 683 1825 739 Hi

119 788 190 828 vero
218 771 370 844 subjungit
399 787 406 825 :
432 787 490 842 quae
511 780 551 827 est
574 773 603 827 iu
627 772 783 828 ministeria
807 773 945 837 decuria,
1002 773 1081 829 enim
1097 776 1201 844 sponte
1216 772 1339 844 patriam
1357 773 1516 846 propriam,
1533 773 1825 844 sioutetApostolus,

120 859 251 919 ostendit
265 860 335 932 quia
349 864 419 915 tunc
433 877 492 917 non
507 860 604 917 sulum
619 861 684 927 viri,
697 862 747 917 scd
764 862 851 916 ctiam
863 861 946 916 lemi-
1001 860 1249 933 derelinquentes,
1265 860 1401 933 gentibus
1417 862 1501 934 quasi
1516 861 1546 918 in
1561 861 1740 934 captivitate,
1750 877 1826 933 prs.-

121 966 166 1007 nas
181 954 325 1022 preerant
339 949 484 1006 Ecclesiis.
501 950 551 1006 Cui
567 955 665 1007 autem
679 950 813 1006 Ecclesia
829 950 947 1006 Phaebes
1001 949 1181 1006 dicaverunt.

121 1041 262 1112 preesset
284 1038 422 1106 ostendit,
439 1039 633 1111 subjungens,
659 1056 719 1110 quae
744 1042 783 1095 est
807 1038 946 1094 carrara.
1036 1040 1091 1095 Sed
1106 1039 1176 1111 qnid
1192 1039 1328 1111 estquod
1344 1038 1481 1095 subditur
1496 1058 1504 1095 ι
1519 1042 1648 1109 Quisuut
1667 1040 1772 1096 nutiles
1794 1040 1825 1094 in

120 1126 353 1186 Gsnchrislccus
363 1132 408 1183 est
419 1128 448 1182 in
460 1128 580 1188 Gracia,
591 1132 693 1200 portus
706 1127 837 1183 videlicet
846 1127 946 1183 Curin-
1002 1128 1144 1200 apostatis,
1159 1145 1226 1184 cum
1243 1128 1319 1184 inter
1332 1127 1486 1184 duodecim
1500 1130 1654 1200 Apostolos
1669 1145 1728 1185 nun
1738 1127 1825 1183 modo

120 1216 176 1283 thi,
194 1232 210 1271 a
225 1231 283 1288 quo
297 1215 457 1288 Apostolus
471 1216 546 1272 hana
561 1216 720 1289 Epistulam
733 1217 872 1273 Romanis
896 1231 948 1288 per
1002 1217 1124 1284 nubiles,
1141 1217 1191 1274 sed
1208 1233 1260 1274 nac
1275 1216 1371 1273 ultimi
1385 1215 1589 1273 inveniantur?
1600 1217 1656 1273 Sed
1673 1216 1826 1273 sciendum

120 1304 246 1361 Phaeben
259 1304 373 1360 direxit.
388 1307 482 1371 Quam
494 1306 581 1361 etiam
596 1304 752 1377 diiigenter
763 1305 873 1376 suscipi
890 1321 947 1360 mo
1002 1307 1072 1378 quia
1084 1305 1235 1377 apostolus
1249 1311 1355 1374 Gracc,
1380 1307 1481 1361 mutus
1503 1306 1621 1361 dicitur.
1638 1305 1719 1361 Unde
1740 1306 1827 1360 datur
1879 1367 1882 1372 ,

120 1397 181 1465 net,
194 1394 295 1450 diceus
312 1411 319 1450 z
336 1402 367 1450 ut
380 1411 441 1450 eam
455 1395 947 1466 suscipiatisdiqueiaDamiuasau-
1001 1395 1126 1468 intelligi
1150 1396 1220 1468 quia
1245 1395 1334 1451 etiam
1358 1394 1400 1450 illi
1424 1393 1547 1467 apostoli
1563 1393 1621 1449 dici
1641 1400 1774 1466 possunt,
1790 1393 1827 1448 dc

119 1482 214 1554 uait
226 1484 512 1556 est,easuscepticna
523 1501 583 1556 qua
597 1484 690 1539 sancti
706 1483 817 1555 suscipi
830 1482 947 1539 dehent.
1002 1484 1110 1556 quibus
1138 1485 1229 1541 Lucas
1258 1483 1435 1557 evangelista
1448 1488 1480 1552 (x
1495 1484 1521 1554 1)
1542 1483 1613 1538 dicit
1638 1499 1645 1538 :
1669 1483 1827 1553 Desiquccit

120 1572 156 1627 In
172 1572 295 1627 Domino
311 1573 391 1638 dicit,
407 1573 437 1627 in
453 1588 551 1628 amore
564 1572 690 1628 Domini.
706 1571 763 1627 Cur
785 1574 884 1628 auum
906 1569 950 1626 ita
1001 1574 1133 1630 Dominus
1146 1576 1223 1631 lesus
1237 1576 1323 1630 etiam
1337 1574 1410 1630 aliur
1423 1574 1599 1644 ceptuapiutu
1613 1571 1679 1627 duur
1701 1571 1826 1642 tuum-

121 1660 313 1732 suscipieuda
326 1666 414 1728 osset,
431 1660 518 1733 paulo
532 1661 655 1718 inferius
670 1660 808 1729 ostendit,
823 1660 946 1716 dicens:
1002 1663 1041 1719 las
1055 1680 1065 1718 :
1080 1668 1106 1718 et
1119 1664 1255 1719 matteas
1271 1662 1389 1735 (lotitia
1402 1677 1513 1718 omnem
1535 1662 1683 1730 numum,
1699 1667 1724 1715 ct
1738 1659 1828 1714 (οσοοι

123 1751 233 1806 Etenim
246 1752 306 1822 ipra
321 1766 425 1824 quoque
438 1752 527 1808 aurit
538 1751 633 1807 multis
644 1755 670 1808 et
683 1750 764 1818 mihi,
780 1767 813 1806 ec
838 1750 862 1804 ci
883 1748 949 1805 aliis
1002 1768 1054 1823 quc
1069 1760 1127 1808 erut
1141 1754 1199 1825 ipse
1212 1760 1352 1809 centuria.
1368 1752 1408 1808 Ex
1422 1751 1469 1807 his
1481 1766 1550 1822 ergo
1565 1750 1685 1806 fuerunt
1697 1747 1740 1806 illi
1755 1749 1827 1805 duo.

122 1838 221 1895 verbis
236 1839 345 1895 diceret
359 1855 367 1895 ε
383 1839 518 1904 Quandiu
542 1839 662 1896 Phcbes
688 1839 718 1894 in
745 1837 817 1909 solo,
832 1836 949 1910 proprio
1004 1841 1038 1896 st
1053 1840 1195 1912 quianon
1211 1839 1306 1895 infimi
1321 1840 1352 1895 in
1367 1839 1410 1896 eis
1425 1839 1555 1906 inerunt,
1570 1837 1679 1894 idcirco
1694 1836 1765 1894 dicit
1776 1853 1827 1893 cus

122 1926 949 1995 resedit,etaliorumsanctorumetmcamnecessitatem
1004 1929 1117 1987 nubiles
1132 1929 1163 1985 in
1179 1929 1339 2002 apostalis3
1354 1930 1392 1985 de
1411 1928 1519 2001 quihus
1542 1927 1632 1983 etiam
1656 1925 1794 1982 subditur
1818 1943 1825 1982 ε

122 2016 287 2088 supplevit;
299 2033 377 2072 nunc
386 2033 452 2073 vcro
463 2017 532 2089 quia
543 2020 743 2089 paupertatem
751 2015 949 2072 voluntariam
1004 2020 1058 2088 Qui
1070 2027 1097 2076 et
1109 2022 1174 2074 aute
1187 2034 1231 2074 me
1241 2022 1355 2090 [uruat
1367 2021 1399 2073 iu
1414 2018 1519 2075 Christo
1533 2019 1606 2083 lau,
1631 2016 1661 2071 id
1685 2018 1739 2082 cst,
1759 2018 1828 2070 ante

123 2103 213 2177 elegit
227 2110 257 2169 et
271 2106 393 2162 Romam
408 2105 506 2162 studio
530 2105 671 2162 arationis
694 2105 792 2162 venire
812 2103 949 2174 decrevit,
1003 2123 1051 2163 me
1066 2107 1252 2163 crediderunt
1267 2107 1296 2162 in
1312 2107 1460 2162 christum
1474 2107 1585 2162 tasum.

121 2194 260 2266 praccipio
273 2199 306 2251 ut
318 2210 386 2254 eam
401 2193 488 2267 digne
502 2193 679 2266 suscipiatis,
688 2199 714 2249 et
728 2195 863 2250 assumis
877 2195 904 2249 ei
917 2194 949 2248 iu
1039 2195 1163 2251 Salutate
1173 2195 1342 2266 Ampliatum
1355 2194 1566 2251 dilectissimum
1580 2192 1653 2248 milti
1662 2194 1692 2248 iu
1701 2193 1827 2248 mutuo.

118 2298 282 2355 quoeunque
295 2284 402 2353 necatio
425 2286 509 2339 vestri
527 2284 693 2355 inritauerat,
709 2283 808 2351 idest,
825 2298 883 2337 non
899 2297 949 2338 ιο·
1003 2285 1197 2351 Quarundam
1213 2291 1255 2340 est
1271 2300 1323 2339 cur
1338 2284 1506 2355 llpaenctunr
1521 2281 1673 2349 dilectum,
1689 2281 1769 2337 hunc
1781 2297 1829 2337 rc-

117 2369 184 2426 lum
200 2373 229 2426 iu
245 2371 371 2442 spiritali
386 2372 512 2443 negotiu,
537 2372 587 2429 scd
612 2372 700 2428 etiam
725 2372 755 2427 in
777 2369 948 2427 necessariis
1003 2389 1034 2429 ro
1049 2373 1276 2429 dilectissimum
1289 2369 1829 2443 vocaverit.Scilicetquiaillesimpli·

119 2459 186 2514 vita
200 2460 365 2530 presentis.
1002 2463 1075 2518 citer
1089 2461 1223 2531 credidit,
1239 2461 1287 2517 hic
1301 2467 1399 2519 autem
1415 2460 1445 2516 in
1460 2459 1826 2533 pradicationelaburavit.

157 2548 283 2605 Salutate
297 2550 620 2621 PriscametAquiluru.
638 2549 707 2606 lllos
722 2550 770 2606 his
784 2549 881 2606 verbis
900 2549 946 2603 in·
1039 2551 1131 2607 Salute
1155 2552 1296 2609 llrbauum
1323 2552 1478 2614 adituram
1503 2558 1626 2607 uestrum
1650 2550 1679 2604 ia
1709 2548 1828 2616 Chriuc,

119 2635 252 2710 telligere
272 2639 424 2706 dehemus,
450 2639 485 2695 dc
511 2639 619 2712 quibus
642 2639 750 2711 tegitur
773 2639 803 2694 in
828 2637 948 2693 Actibus
1001 2648 1027 2696 et
1042 2640 1162 2712 Staetyu
1176 2640 1307 2697 dilectum
1321 2639 1561 2697 meum.Urbanus
1576 2638 1607 2694 in
1623 2637 1826 2711 predicatione

120 2725 323 2798 apostolorum
351 2728 420 2799 (cap.
450 2745 529 2800 avar,
557 2729 597 2800 2),
627 2728 697 2800 quia
723 2744 789 2784 cum
819 2727 949 2783 venisset
1001 2728 1144 2787 laboravit
1161 2747 1168 2787 :
1187 2730 1314 2803 Stachyn
1344 2734 1442 2785 autem
1471 2727 1644 2801 simpliciter
1671 2726 1824 2784 credidit:

120 2813 232 2871 Paulus
247 2817 282 2871 ab
297 2816 419 2873 Athenis
433 2816 463 2872 in
478 2816 662 2874 Antiochiam
679 2817 815 2889 (165-66),
836 2816 948 2872 invenit
1001 2819 1125 2892 ideoque
1138 2819 1223 2876 illum
1247 2820 1424 2891 adjutorem,
1446 2818 1537 2875 istum
1560 2821 1659 2874 autem
1683 2816 1825 2873 dilectum

121 2902 162 2960 ibi
175 2903 270 2961 virum
285 2904 433 2974 Juduum,
447 2907 601 2962 Ponticum
615 2906 813 2978 generatione,
828 2905 948 2962 nomine
1000 2910 1118 2964 tantum
1131 2908 1252 2964 vocavit.

120 2992 267 3064 Aquilam,
281 3010 349 3050 cum
365 2993 495 3052 Priscilla
509 3011 599 3050 uxore
614 3010 669 3051 sua
684 2994 793 3066 quibus
812 2993 946 3050 adhaesit.
1036 2995 1159 3052 Salutate
1172 2995 1303 3068 Appelleu
1313 2996 1433 3066 prolum
1446 2996 1478 3050 iu
1492 2993 1607 3050 diruto.
1623 2993 1675 3049 llic
1688 2992 1827 3065 Appelles

122 3081 204 3138 Unde
218 3081 267 3138 hic
280 3099 397 3155 quoquc
411 3083 548 3140 subditur
564 3099 570 3137 :
587 3083 729 3154 Adiutores
739 3083 813 3154 (167)
828 3098 901 3139 meos
917 3084 947 3137 iu
1002 3084 1111 3141 multas
1126 3084 1315 3141 adversitates
1330 3100 1382 3156 prc
1406 3083 1521 3140 Christo
1537 3082 1687 3150 sustinuit,
1703 3082 1754 3138 sod
1768 3082 1826 3138 vir·

121 3169 228 3227 Christo
242 3173 316 3240 lecu,
332 3172 360 3227 id
380 3175 435 3240 cst,
460 3175 663 3244 cooperatores
688 3172 718 3227 in
742 3157 985 3242 pradicationaG
1003 3176 1097 3229 tutem
1111 3173 1257 3245 patientia
1269 3188 1365 3244 usque
1379 3173 1415 3228 ad
1429 3172 1519 3229 linem
1545 3172 1745 3243 incorruptam
1769 3185 1828 3227 ser·

118 3259 227 3317 christi
253 3259 336 3316 lesu.
365 3260 494 3324 Quorum
529 3259 652 3317 nimiam
677 3258 850 3316 charitatem
879 3274 950 3331 arga
1002 3261 1089 3332 ravit,
1113 3262 1312 3334 sciensquod
1322 3262 1406 3317 docet
1420 3259 1589 3332 Apostolus,
1603 3262 1671 3331 quia
1685 3259 1827 3315 tribulatio

117 3364 151 3405 se
164 3347 376 3416 ostendit,cum
390 3348 566 3417 subdit:Qui
575 3349 737 3420 precatura
746 3363 950 3404 measuaccee
1001 3352 1165 3423 patieuticm
1187 3354 1326 3424 operatur,
1354 3352 1491 3424 patieutis
1516 3357 1608 3406 autem
1633 3349 1827 3421 prolationem

115 3438 193 3493 uices
207 3436 497 3507 supposueruntllum
512 3437 590 3492 enim
607 3437 731 3493 instaret
745 3443 779 3493 ut
792 3437 949 3509 Apostolus
1004 3441 1115 3513 (supra,
1131 3456 1157 3496 v.
1174 3440 1260 3511 4‚·5);
1276 3440 1399 3511 ideoque
1423 3440 1547 3513 probum
1571 3437 1656 3494 illum
1671 3436 1827 3510 Apostolus

118 3523 287 3598 puniretur,
303 3524 454 3598 elegerunt
469 3525 544 3581 mori
561 3542 611 3597 pro
625 3542 669 3594 co,
682 3542 718 3581 ne
733 3530 815 3581 tanta
829 3525 949 3583 lucerna
1003 3529 1174 3586 nominavit.
1190 3529 1219 3584 si
1233 3528 1299 3602 quis
1311 3529 1390 3586 enim
1406 3528 1562 3600 diligenter
1574 3532 1725 3584 scrutatur
1738 3531 1768 3583 et
1781 3543 1827 3582 re·

119 3611 256 3669 Ecclesiae
278 3613 522 3685 exstingueretur.
547 3614 628 3670 Unde
651 3614 688 3671 ab
716 3614 797 3670 amni
821 3614 949 3671 Ecclesia
1002 3618 1170 3675 miniscitur
1184 3619 1253 3691 quia
1267 3619 1345 3676 Deus
1366 3618 1396 3674 in
1422 3617 1473 3674 illc
1496 3617 1680 3689 loquebatur,
1696 3616 1826 3689 prolecto

121 3705 240 3775 propter
250 3701 372 3758 nimiam
386 3703 559 3758 charitatem
574 3702 780 3760 laudanturllt
795 3709 950 3776 propterca
1002 3706 1130 3764 inveniet
1144 3707 1213 3778 quia
1228 3708 1309 3764 nulla
1323 3707 1354 3763 in
1370 3707 1456 3763 dictis
1480 3709 1544 3779 ejus
1567 3706 1722 3773 sententia,
1746 3705 1827 3761 nulla

121 3791 261 3848 subditur
278 3808 284 3849 :
299 3792 398 3862 austra
411 3807 468 3847 uua
481 3792 571 3848 sulum
585 3808 635 3864 epo
647 3795 756 3865 pretias
780 3809 841 3864 apa,
861 3793 908 3848 sed
922 3799 950 3848 et
1002 3796 1122 3853 omnino
1134 3794 1246 3868 syllaba
1257 3800 1354 3863 vacat;
1370 3794 1560 3868 viditquippe
1567 3793 1750 3867 spiritalibus
1760 3809 1827 3849 ocu-

121 3879 375 3945 auctaretate
390 3880 526 3937 Gentium.
537 3881 646 3937 Verum
662 3881 732 3952 quia
748 3897 821 3952 opus
837 3880 949 3937 miseri·
1003 3884 1040 3941 lis
1055 3883 1240 3956 singulorum
1251 3885 1356 3939 merita
1366 3884 1443 3955 apud
1456 3883 1549 3939 Deum
1561 3882 1701 3950 discreta;
1717 3881 1825 3937 idcirco

122 3967 237 4039 cardia,
253 3985 312 4024 non
327 3968 424 4025 solum
439 3969 469 4024 in
485 3968 612 4025 dominis
627 3972 681 4039 est,
693 3969 744 4024 sed
760 3968 848 4024 etiam
863 3969 892 4024 in
903 3970 947 4025 la·-
1004 3971 1094 4027 aliurn
1110 3970 1261 4039 dilectum,
1277 3970 1367 4026 aliurn
1381 3970 1619 4041 dilectissimum,
1635 3968 1726 4024 alium
1741 3969 1826 4038 adju·

120 4055 226 4124 mulis;
244 4073 296 4113 nec
311 4057 407 4113 solum
423 4057 453 4113 iu
469 4056 608 4130 prelatis,
619 4058 671 4114 ssd
686 4057 776 4114 ctiam
791 4058 821 4113 in
837 4059 949 4129 subiec-
1003 4062 1108 4124 torem,
1124 4058 1213 4113 alium
1229 4058 1354 4129 probum
1369 4058 1490 4112 vocavit.

119 4145 158 4202 tis
173 4146 419 4219 rectesuhiungit
435 4165 442 4203 :
459 4152 486 4202 et
500 4147 783 4203 domesticamearum
796 4148 950 4204 Ecclesiam
1040 4149 1166 4204 Salutate
1189 4149 1301 4217 eosqui
1327 4153 1392 4201 ruat
1418 4162 1453 4202 ecc
1480 4145 1625 4201 Aristoteli
1644 4143 1703 4216 (hia
1727 4146 1825 4200 numm

120 4233 320 4306 (subauditur,
337 4233 485 4309 salutato).
498 4222 515 4247 '
1003 4236 1237 4293 subaudiendum
1251 4235 1396 4302 est‚domu
1411 4235 1495 4307 (170),
1508 4237 1540 4289 ut
1553 4233 1704 4306 proprium
1719 4249 1825 4289 nomen

157 4322 281 4380 Salutate
301 4324 465 4396 ttpaeuetum
487 4324 618 4382 dilectum
640 4324 720 4394 criti,
734 4325 784 4397 qui
797 4331 835 4380 est
847 4326 950 4397 primi·
1004 4321 1824 4397 hominisintelligatur,autcertelcousnccipiendusest.

119 4412 195 4468 licus
208 4413 282 4469 Asiae
294 4413 324 4468 iu
333 4413 519 4469 Doeaa’ualstc
535 4412 675 4468 nimirum
688 4412 802 4485 primus
812 4429 846 4469 ex
857 4414 949 4469 omni·
1003 4415 1128 4471 Salutate
1148 4415 1330 4471 Herodianum
1355 4417 1499 4485 aequatum
1526 4429 1627 4469 meum.
1656 4416 1727 4468 Cum
1756 4412 1827 4468 dicit

119 4499 179 4557 bns
193 4501 313 4561 Asianis
328 4502 363 4557 ad
378 4500 614 4574 pradicationem
623 4501 754 4574 Apostoli
767 4501 905 4570 credidit;
920 4507 950 4559 et
964 4523 989 4590 D
1003 4508 1170 4575 cognatum,
1186 4502 1315 4559 ostendit
1327 4502 1474 4559 tuocum.
1499 4501 1557 4556 Gur
1580 4516 1649 4572 ergo
1674 4517 1732 4557 aon
1755 4515 1825 4556 cun-

120 4586 194 4661 quis
208 4589 382 4662 simpliciter
395 4594 522 4660 uatum,
537 4605 591 4646 nac
605 4590 637 4646 iu
652 4590 858 4662 predicatione
870 4591 950 4648 labo·
1001 4592 1080 4663 luxit
1092 4591 1258 4647 Andronico
1272 4594 1302 4646 et
1314 4589 1409 4657 Juliae,
1425 4603 1500 4661 quos
1514 4588 1570 4643 sibi
1583 4591 1724 4659 cognatos
1748 4587 1827 4643 dixs-

120 4678 209 4749 nau,
224 4678 331 4735 idcirco
346 4677 486 4736 dilectum
500 4683 616 4736 tantum
629 4678 752 4736 vocant.
1004 4681 1068 4736 ratt
1083 4680 1156 4744 Quia
1170 4695 1229 4735 non
1245 4678 1387 4734 laboravit
1401 4678 1430 4732 in
1444 4676 1658 4750 predicatione,
1683 4677 1825 4750 quemad-

157 4765 287 4824 Salulate
300 4769 426 4837 Manum,
440 4783 501 4840 qua
515 4768 635 4826 multum
651 4768 788 4825 laborauit
807 4770 836 4826 iu
859 4769 946 4828 vatic.
1004 4770 1124 4826 madum
1139 4768 1192 4824 illi.

119 4854 173 4915 itis
193 4856 292 4913 vorbis
315 4857 444 4917 ostendit
468 4857 537 4928 quia
561 4858 649 4914 etiam
673 4858 788 4914 femina
811 4857 948 4915 Ecclesiis
1036 4858 1160 4915 Salutate
1184 4872 1229 4914 eus
1256 4857 1305 4927 qui
1329 4859 1393 4911 suut
1419 4870 1455 4911 aa
1481 4855 1604 4912 Narcissi
1626 4855 1825 4929 (subauditur,

119 4949 277 5018 promant.
294 4945 359 5002 ileo
374 4945 465 5002 Maria
480 4945 607 5002 multum
622 4946 653 5001 in
669 4947 810 5004 Romanis
836 4947 949 5004 lahora—
1001 4947 1090 5019 dumo)
1105 4946 1191 5019 (171).
1206 4944 1361 5001 Narcissus
1384 4949 1482 5000 autem
1506 4946 1657 5018 presbyter
1677 4945 1743 5013 luit,
1765 4959 1824 4999 nun

118 5033 254 5109 vit,quia
267 5033 379 5091 multos
389 5049 490 5089 eorum
503 5035 539 5089 ad
552 5034 640 5091 iidem
655 5035 811 5105 consertit;
825 5035 949 5108 ideaque
1002 5039 1101 5092 tamen
1116 5033 1219 5091 habuit
1232 5033 1361 5106 aliquam
1376 5033 1547 5105 Ecclesiam,
1562 5038 1613 5090 aut
1631 5034 1755 5106 plebem,
1773 5030 1823 5086 sed

118 5123 208 5182 duxit
220 5126 286 5181 eam
302 5122 423 5197 dignum
438 5121 557 5194 speciali
573 5123 759 5181 salutatione.
1001 5124 1060 5180 huc
1073 5123 1202 5196 illucque
1217 5123 1394 5193 discurrens,
1411 5124 1596 5196 predicabat,
1612 5128 1642 5179 et
1652 5137 1715 5193 qua
1728 5119 1825 5174 aban·

155 5231 281 5301 (mcc)
296 5232 328 5287 ln
341 5232 403 5287 Act.
418 5231 512 5302 apost.
526 5228 635 5302 legitur
656 5230 711 5287 hcc
734 5231 770 5287 dc
794 5229 882 5287 Paulo
897 5245 948 5288 re·
1036 5232 1111 5304 (169)
1125 5231 1220 5287 Verba
1233 5231 1358 5303 hujusce
1372 5235 1479 5299 textus,
1505 5247 1570 5302 quea
1593 5228 1767 5297 sequuntur,
1783 5226 1823 5282 ita

117 5302 223 5361 niente
235 5302 421 5369 Corinthum,
435 5318 493 5358 non
508 5316 576 5357 vero
591 5302 785 5359 Antiochiam.
1002 5303 1207 5375 compendiose
1221 5303 1330 5375 scripta
1345 5308 1415 5359 sunt
1429 5304 1448 5357 i.
1465 5320 1491 5358 c.
1508 5318 1533 5357 c.
1549 5305 1578 5356 at
1594 5299 1614 5353 l.
1631 5313 1659 5366 q.
1677 5297 1696 5353 l.
1713 5314 1742 5354 u.

156 5374 235 5447 (167)
268 5380 301 5429 1ο
333 5374 625 5518 οοιᾟῶεοιάϋονοι,
654 5376 705 5430 sed
737 5375 875 5447 cajucra
906 5374 947 5432 le·
1037 5377 1112 5444 (170)
1126 5375 1208 5441 Quod
1222 5377 1344 5432 verbum
1357 5375 1435 5430 uma
1449 5374 1479 5428 iu
1494 5368 1695 5443 Vulg.lsgitur
1708 5384 1823 5442 expres·

118 5445 267 5576 ffidm'
280 5449 316 5501 ut
340 5445 370 5501 in
473 5486 492 5513 .,
515 5445 593 5518 qnod
612 5461 677 5518 que
700 5451 867 5519 sequnntur
879 5461 947 5518 prc-
1002 5463 1080 5504 sum.
1368 5517 1373 5527 Ι
1584 5511 1591 5524 ι

183 5520 207 5572 t.
1036 5517 1111 5590 (171)
1123 5518 1207 5586 Quod
1222 5519 1342 5577 verbum
1365 5532 1396 5571 ιο
1420 5512 1505 5586 Vulg.
1529 5515 1821 5588 pariteraxprcssum

158 5587 237 5662 (168)
249 5586 336 5660 vulg.
350 5586 475 5646 luciam.
999 5587 1116 5663 legitur.
