3908 6096
99 285 177 383 ,⁶⁹⁹
624 294 792 359 amoma
814 288 1104 358 coronaturus
1127 286 1302 352 ariscoru
1765 280 1826 342 roo

120 419 194 493 petit
206 420 259 488 eis,
275 437 292 478 a
307 419 416 494 quibus
430 423 587 482 derelictus
605 432 651 483 est
665 427 696 483 in
712 427 895 494 necessitate,
911 429 945 481 ut
959 424 987 493 Α
1001 424 1132 480 domum.
1158 422 1279 478 lirastus
1299 415 1441 476 remansit
1464 413 1608 473 Corinthi.
1631 410 1827 487 Trophimuur

121 509 195 564 bene
214 513 351 583 acceptus
366 528 383 567 a
397 511 466 583 Deo,
481 512 640 571 vindiciam
664 533 722 572 non
747 518 868 588 quierat.
885 515 943 570 llao
999 517 1095 569 autem
1113 510 1217 583 reliqui
1232 509 1382 578 infirmum
1398 504 1500 563 Mileti.
1514 502 1667 562 Sollicitus
1681 507 1750 560 esto
1766 506 1828 559 ante

121 599 198 654 enim
215 614 306 655 causa
318 599 445 672 amplius
460 603 594 673 adJutum
611 621 641 662 se
656 605 748 660 credit
764 621 780 661 a
794 605 863 675 Deo,
875 603 944 676 quio
998 602 1126 660 hiemem
1142 598 1249 656 venire.
1265 621 1278 647 u
1288 595 1406 670 Aquila,
1416 600 1447 670 et
1461 592 1593 651 Priscilla
1608 591 1641 648 hi
1658 596 1744 657 sunt,
1756 592 1828 664 apud

121 686 277 745 derelictus
291 693 336 745 est
351 690 387 745 ab
406 690 587 749 hominibus,
998 701 1074 764 quos
1088 690 1253 761 hospitatus
1268 686 1443 760 operabatur
1463 682 1612 740 munibus.
1626 680 1829 754 Onesiphorus

158 798 173 827 «
189 777 223 833 lii
238 776 379 835 liberatus
395 796 461 836 sum
486 782 522 837 de
546 797 595 838 ore
620 782 722 840 leonis.
740 782 883 839 Liberavit
898 798 944 838 me
1000 783 1097 836 autem
1112 778 1161 834 hic
1175 780 1229 845 eet,
1245 776 1292 833 cui
1306 775 1391 832 testie
1403 777 1448 831 est
1461 773 1491 830 in
1506 772 1601 843 (1330)
1616 770 1756 829 secunda
1769 770 1828 844 lipi-

122 865 265 923 Dominus
279 868 316 922 ab
331 869 411 924 omni
430 886 516 941 opere
538 870 625 942 malo,
642 876 671 928 et
684 871 798 928 salvum
814 872 900 928 faciet
914 871 944 927 in
1000 867 1084 925 stola.
1098 866 1172 931 Quid
1197 869 1241 923 est
1264 869 1375 928 tamen,
1392 869 1425 920 ut
1448 865 1592 935 prasente
1606 859 1768 934 Apostolo‚
1783 859 1829 932 qui

123 971 213 1027 reguo
227 972 281 1012 suo
296 956 415 1014 coelesti.
431 958 483 1014 Cui
500 958 590 1032 glorira
605 961 634 1016 in
650 966 799 1017 eternum.
814 967 917 1017 Amen.
930 982 944 1010 s
1000 961 1132 1013 mortuos
1145 955 1299 1021 excitabat,
1316 952 1495 1026 TrophImus
1519 948 1755 1007 infirmaretur?
1778 947 1828 1005 Sed

124 1044 265 1101 Similiter
292 1046 364 1102 dicit
390 1052 419 1102 et
442 1051 545 1104 Petrus
570 1049 754 1121 coapostolus
777 1050 851 1122 ejus,
877 1049 947 1121 quia
1000 1045 1086 1118 signa
1100 1048 1218 1119 propter
1232 1042 1399 1100 incredulos
1414 1041 1489 1098 lacta
1502 1042 1582 1097 suut.
1596 1040 1634 1095 St
1649 1036 1727 1111 quia
1742 1054 1777 1095 ex
1790 1037 1829 1093 di·

123 1133 308 1190 adversarius
322 1140 422 1191 noster
438 1136 572 1193 diabolus
586 1138 701 1206 circuit,
717 1138 854 1206 fremens,
870 1138 947 1194 sicut
999 1135 1092 1190 versis
1113 1134 1211 1190 causis
1233 1132 1371 1188 meritum
1386 1129 1547 1186 collocatur
1569 1128 1652 1202 apud
1678 1131 1788 1193 Deum,
1803 1129 1830 1181 ut

122 1221 178 1290 leo,
194 1240 327 1295 quereus
343 1240 430 1296 quem
453 1227 570 1283 devoret
584 1227 609 1298 (l
623 1228 697 1283 Petr.
712 1244 740 1298 v,
756 1228 793 1300 8).
807 1228 861 1283 Sed
877 1226 947 1298 quia
1001 1228 1060 1281 sive
1076 1223 1126 1296 qui
1141 1224 1171 1278 in
1187 1221 1386 1288 tribulatione,
1398 1219 1458 1276 sive
1472 1217 1522 1291 qui
1537 1217 1568 1273 in
1582 1214 1830 1290 egritudineiiao

123 1310 153 1367 in
167 1312 306 1383 apostolo
321 1313 503 1370 occasionem
521 1331 578 1370 non
594 1316 770 1382 inveniebat,
788 1332 847 1388 qua
861 1314 945 1371 illum
1001 1314 1110 1387 gratiae
1124 1312 1195 1385 ugit,
1207 1327 1259 1367 uec
1274 1310 1311 1367 ab
1327 1310 1449 1365 adversa
1462 1311 1544 1381 perte
1560 1305 1748 1378 suffragium
1763 1320 1833 1377 quai·

125 1399 282 1472 deciperet,
298 1417 349 1471 per
363 1399 439 1457 tilios
454 1419 525 1459 euos
544 1419 711 1474 pressuram
732 1404 775 1459 illi
792 1404 945 1471 excitabat,
1002 1404 1050 1470 rii,
1063 1406 1094 1458 ut
1109 1400 1241 1473 proficiat
1252 1398 1365 1456 meritis
1380 1397 1457 1471 apud
1471 1396 1574 1453 Deum.
1586 1394 1718 1467 Propter
1728 1392 1832 1449 imbres

124 1494 154 1546 et
168 1505 279 1561 pronae,
293 1495 326 1544 ut
340 1490 365 1544 si
382 1506 440 1545 non
465 1491 549 1562 qussi
566 1497 709 1564 peccator,
725 1492 769 1551 vel
793 1493 878 1566 quasi
899 1493 946 1563 iu·
1002 1497 1112 1560 autem,
1127 1495 1157 1546 et
1176 1489 1286 1563 frigora
1309 1486 1500 1555 commonuit,
1516 1489 1550 1541 ut
1569 1488 1725 1541 autumno
1748 1483 1785 1538 ad
1806 1498 1833 1538 ae

126 1582 201 1646 stus,
218 1577 254 1632 de
269 1577 324 1633 hac
338 1582 436 1635 tamen
450 1578 602 1636 tolleretur
614 1581 684 1649 vita,
701 1597 737 1637 ne
753 1580 862 1637 multoe
877 1580 948 1637 hor·
1001 1580 1121 1637 venIrst.

125 1668 237 1721 teretur
251 1668 287 1722 ad
311 1666 409 1725 fldem.
426 1668 507 1732 Quod
531 1685 599 1726 cum
623 1686 713 1743 prope
737 1669 880 1741 impleret,
898 1669 947 1726 liei
1038 1669 1183 1727 «Salutat
1209 1674 1237 1723 te
1267 1664 1407 1733 Ilubolus,
1423 1668 1454 1722 et
1482 1663 1612 1734 Pudens,
1626 1665 1659 1719 et
1687 1661 1832 1729 Linus,et

126 1753 308 1827 providentia
321 1753 461 1814 liberatus
475 1758 643 1830 Apostolus,
658 1758 782 1815 insultat
801 1758 854 1825 illi,
869 1758 949 1814 infir·
963 1792 986 1859 B
1001 1758 1131 1827 Claudia,
1143 1762 1172 1815 et
1185 1772 1288 1814 omnes
1302 1755 1442 1811 iratres.»
1459 1757 1536 1811 hloro
1550 1754 1701 1831 consueto
1716 1749 1831 1824 impleta

126 1860 208 1900 mum
231 1842 315 1900 illum
338 1844 510 1915 testificans,
527 1847 595 1920 quie
609 1848 646 1904 da
660 1864 710 1904 oro
737 1848 802 1920 ejus
830 1852 948 1921 ereptus
1002 1852 1048 1906 est
1062 1846 1192 1922 Epistola
1207 1844 1384 1904 salutatione
1398 1843 1534 1900 fratrum.

125 1935 185 2000 est;
202 1931 270 2005 quia
284 1933 362 2005 quod
384 1935 492 2006 cupivit
505 1935 636 2009 Implere,
653 1953 711 1992 nou
736 1937 840 2011 potuit.
856 1936 948 2008 Igitur
1037 1960 1052 1988 (ι
1065 1936 1206 1994 Dominus
1215 1935 1302 1992 lesus
1312 1932 1447 1991 Christus
1457 1947 1524 1988 oum
1535 1929 1644 2004 spiritu
1655 1934 1727 1986 tuo.
1739 1927 1828 1986 Vale.»

125 2020 176 2077 Dei
204 2019 321 2078 auxiliis
350 2023 436 2079 morti
460 2040 491 2081 se
517 2029 649 2096 ereptum
678 2024 852 2097 gratulatur,
868 2025 947 2081 etde
1002 2024 1068 2081 lieo
1083 2020 1257 2094 subscriptio
1281 2019 1413 2094 Apostoli
1430 2024 1498 2078 est:
1515 2017 1596 2092 quod
1620 2018 1752 2090 signum
1775 2030 1830 2073 ease

125 2109 305 2182 providentis
319 2111 435 2169 Domini
449 2118 510 2169 tom
531 2130 652 2170 securus
666 2118 720 2182 aet,
738 2118 771 2170 ut
794 2119 824 2170 et
849 2115 885 2170 de
900 2114 948 2169 lu·
1003 2113 1073 2170 dicit
1087 2111 1117 2167 in
1133 2111 1213 2168 omui
1237 2109 1377 2182 Epistola.
1388 2110 1424 2166 ut
1437 2107 1508 2181 quia
1527 2105 1621 2164 Filius
1635 2106 1694 2163 Dei
1710 2106 1790 2163 idem
1801 2105 1830 2160 b·

125 2197 202 2253 turis
216 2199 427 2256 tentationibus
444 2201 558 2258 liberari
570 2218 602 2258 se
614 2202 723 2270 credat,
735 2207 765 2258 et
779 2219 836 2258 non
853 2202 948 2258 solum
1003 2202 1061 2259 lius
1077 2200 1205 2258 hominis
1229 2205 1284 2268 est,
1300 2204 1330 2256 et
1348 2199 1437 2256 iesus
1460 2196 1575 2263 dieitur,
1591 2199 1623 2252 et
1637 2194 1791 2261 christus,
1803 2197 1830 2251 at

127 2285 245 2343 liberari
259 2287 294 2343 ad
311 2304 451 2361 praeseus,
466 2306 567 2345 verum
590 2290 679 2347 etium
694 2289 807 2348 salvum
823 2307 854 2347 sc
869 2291 950 2345 lutu—
1005 2289 1136 2347 ethome
1158 2287 1351 2362 significetur,
1364 2290 1393 2344 et
1413 2286 1502 2355 Deus,
1517 2284 1638 2342 duobus
1664 2283 1830 2341 nominibus

129 2391 194 2430 rum
209 2374 240 2431 in
254 2376 301 2432 dle
320 2376 437 2447 judicii,
457 2383 486 2434 et
512 2383 703 2451 regnaturum
732 2396 798 2436 cum
830 2379 950 2435 Domino
1007 2381 1206 2451 nuncupatur.
1222 2377 1351 2449 Utroque
1374 2379 1472 2432 tamen
1494 2373 1614 2432 nomine
1638 2372 1830 2448 dIgnitaade

130 2463 245 2521 Christo
260 2465 290 2520 iu
306 2469 413 2522 retorna
427 2467 542 2524 sucula.
1007 2469 1151 2541 signatur,
1165 2484 1224 2539 que
1239 2466 1352 2522 retioue
1365 2468 1435 2521 sunt
1447 2464 1542 2537 posita
1556 2462 1696 2520 uomina.

170 2552 300 2610 «Saluta
322 2553 493 2622 Priscillam,
515 2562 544 2612 et
563 2556 711 2629 Aquilam,
727 2562 756 2614 ct
778 2555 952 2629 Onesiphori
1113 2557 1194 2612 Finis
1207 2556 1338 2628 upioots
1351 2553 1474 2611 secunde
1486 2552 1523 2609 ud
1540 2552 1734 2609 Timotheum.

167 2712 308 2786 (treclin
320 2716 412 2787 primo
426 2715 534 2789 legitur
547 2716 577 2773 in
592 2718 657 2774 cod.

731 3060 994 3123 capitulario
1015 3061 1067 3120 iil)
1088 3059 1227 3121 rtrum.

168 3403 193 3459 l.
209 3404 307 3461 Titum
329 3406 449 3462 instruit
464 3408 565 3480 quales
582 3408 687 3465 debeat
707 3407 859 3480 episcopos
875 3405 952 3463 ordi·
969 3407 990 3475 G
1009 3406 1143 3463 vivemus
1154 3423 1161 3462 :
1174 3408 1203 3461 et
1214 3408 1248 3460 ut
1261 3419 1328 3460 cum
1344 3401 1424 3459 omui
1438 3402 1562 3475 imperto
1577 3406 1701 3475 arguat,
1711 3404 1830 3476 potesta·

133 3508 203 3548 nure
220 3509 226 3547 :
244 3498 274 3548 et
288 3498 321 3549 ut
333 3494 486 3552 Cretenses
500 3496 631 3569 increpet
645 3496 728 3552 dure.
1010 3494 1089 3551 tibus
1105 3493 1239 3550 subditos
1255 3508 1319 3549 ease
1332 3508 1363 3548 se
1377 3495 1407 3548 et
1419 3491 1578 3548 modestos.

167 3580 195 3635 2.
212 3579 285 3644 Quia
295 3581 395 3638 omnia
405 3583 515 3640 munda
525 3584 644 3640 mundis
658 3601 665 3640 ε
677 3587 706 3640 et
720 3587 753 3639 ut
763 3600 858 3650 senes,
869 3599 954 3654 anus,
1045 3584 1072 3638 l.
1084 3582 1158 3647 Quia
1170 3597 1288 3638 eramus
1303 3584 1333 3638 et
1347 3597 1401 3637 nos
1410 3579 1568 3653 ailquandc
1578 3577 1772 3652 insipientes.
1782 3576 1831 3635 Sed

129 3668 264 3739 juvenes,
280 3669 505 3728 adolescentulae
519 3672 682 3729 caetitatem
699 3676 826 3744 servent,
839 3676 868 3728 et
880 3672 954 3729 servi
1010 3669 1186 3743 benignitas,
1195 3673 1225 3725 et
1239 3668 1409 3726 humanitas
1422 3668 1482 3740 Dei,
1494 3685 1552 3725 non
1565 3668 1756 3740 exoperibus
1770 3682 1831 3724 nos·

132 3755 262 3813 dominis
277 3758 488 3830 obtemperent.
1009 3757 1176 3827 tris,aalvos
1186 3773 1240 3815 nos
1251 3757 1319 3815 iecit
1329 3775 1336 3814 :
1348 3762 1378 3813 et
1391 3760 1423 3813 ut
1433 3756 1539 3814 stultas
1549 3755 1833 3830 questionesetho·

168 3845 194 3902 3.
212 3845 284 3912 Quia
298 3849 435 3921 apparuit
449 3849 544 3922 gratia
564 3850 613 3907 Dei
628 3850 767 3907 erudiens
781 3865 846 3918 uos,
862 3852 895 3905 ut
910 3848 956 3922 pio
1010 3848 1134 3905 reticum
1150 3847 1301 3903 hominem
1312 3850 1379 3918 post
1391 3861 1482 3902 unam
1496 3843 1712 3903 correctionem
1722 3844 1832 3903 devitet.

729 4027 1009 4092 ARGUMENTUM
1030 4025 1081 4088 ab
1102 4027 1238 4089 rtrum.

168 4187 268 4243 Ilium
283 4187 508 4245 commonefacit
521 4194 551 4245 et
564 4187 685 4246 instruit
699 4188 734 4245 de
748 4186 957 4245 constitutione
1012 4186 1054 4242 als
1069 4185 1260 4258 vitandis‚qui
1276 4185 1306 4240 in
1318 4183 1471 4258 seripturis
1484 4182 1615 4241 Iudaicis
1628 4181 1835 4242 creduntaori·

133 4275 306 4347 presbyteri,
321 4279 350 4332 et
364 4277 400 4333 de
413 4276 540 4350 spiritali
555 4275 784 4348 conversatione,
799 4280 828 4333 et
842 4274 956 4332 hereti·
1012 4276 1085 4332 bens
1098 4275 1125 4331 ei
1140 4274 1178 4331 ab
1193 4274 1265 4331 urbe
1281 4275 1383 4330 Roma.

519 4590 751 4689 INCIPIT
783 4587 1090 4684 EPISTOLA
1123 4588 1206 4682 AD
1240 4576 1446 4684 TITUM.

168 4937 248 5012 (Cir.
265 4939 301 5012 1.)
313 4960 328 4991 ε
351 4939 459 4996 Paulus
482 4956 583 4996 servus
608 4937 671 4996 Dei.
683 4959 698 4991 u
714 4938 789 5007 Ouid
813 4943 858 4996 est
881 4940 959 5013 quod
973 4941 998 5009 Ι)
1013 4939 1084 4997 dum
1099 4942 1259 5012 utrumque
1273 4937 1417 4997 schrisio
1432 4938 1544 4996 dictum
1559 4942 1615 5012 est,
1626 4943 1779 5013 quomodo
1795 4941 1836 4999 iu·

133 5026 266 5086 Salvator
293 5032 393 5085 noster
420 5046 453 5085 sc
482 5027 625 5086 Dominus
653 5027 795 5102 apostolis
823 5028 957 5086 dixerit:
1013 5028 1105 5104 telligi
1121 5029 1234 5098 debeat,
1245 5028 1367 5086 solerter
1380 5027 1554 5086 intuendum
1568 5027 1671 5087 eatilx
1680 5028 1837 5090 bisDomi·

133 5142 148 5169 «ι
161 5119 228 5175 Jam
244 5135 303 5176 nou
318 5118 414 5175 dicam
430 5134 482 5175 vos
495 5134 605 5184 servos,
616 5118 667 5174 sed
683 5117 794 5174 amicos
809 5118 898 5189 (toan.
909 5135 956 5187 xv,
1012 5119 1042 5175 ni
1056 5118 1152 5176 uerbis
1176 5122 1257 5192 patet
1271 5119 1329 5175 duo
1350 5134 1414 5175 esse
1438 5133 1545 5191 genera
1568 5118 1651 5175 bona
1676 5119 1836 5187 servitutis.

134 5208 178 5279 15)
191 5225 198 5264 :
210 5227 223 5260 s
236 5212 265 5266 ot
279 5208 412 5280 ejusdem
428 5207 563 5281 magIstri
578 5205 752 5280 discipulus,
763 5206 823 5264 iuro
837 5209 958 5280 Aposto-
1012 5224 1105 5264 unum
1119 5206 1246 5274 timoris,
1263 5206 1343 5263 aliud
1358 5205 1540 5277 dilectionis3
1556 5222 1651 5264 unum
1666 5208 1835 5267 timendam

133 5293 192 5363 lus,
207 5295 237 5352 in
253 5314 310 5369 quo
324 5297 458 5353 Christus
473 5297 657 5369 loquebatur,
673 5295 835 5352 nomInavit
848 5312 880 5353 ac
894 5312 955 5353 ser·
1011 5293 1254 5362 servorum,aliud
1264 5294 1491 5369 diIIgentium,et
1501 5294 1683 5368 placentium
1695 5296 1834 5355 illiorum.

132 5383 224 5438 vum?
248 5385 347 5442 Sedet
362 5386 440 5442 idem
455 5385 596 5442 Dominus
612 5383 669 5440 alio
690 5383 753 5440 loco
776 5384 811 5441 ad
835 5385 955 5441 eosdem
1010 5384 1105 5440 Timet
1119 5383 1197 5439 enim
1212 5383 1328 5452 ancilla,
1345 5400 1381 5440 ne
1396 5382 1573 5457 flagellatum
1587 5382 1674 5440 timet
1689 5390 1832 5453 matrona,

133 5471 282 5541 apostolos
305 5474 378 5530 dixit
392 5491 400 5530 ι
412 5497 427 5526 ε
443 5473 533 5532 Dicito
555 5489 562 5530 :
585 5473 664 5530 Servi
690 5472 809 5530 inutiles
832 5489 953 5544 sumus3
1010 5489 1046 5529 ue
1060 5472 1188 5529 offendat
1201 5473 1333 5530 culmum
1346 5472 1400 5529 viri
1422 5472 1478 5530 aui.
1493 5473 1550 5529 Sed
1565 5472 1720 5531 semiintia
1733 5473 1830 5542 timor.

135 5561 212 5640 quod
227 5559 383 5622 debuimus
397 5562 806 5637 iacere,leoimua(tuo.xv1i,
822 5562 876 5635 10).
891 5585 902 5614 ι
920 5563 956 5620 llt
1009 5560 1059 5636 qui
1069 5562 1379 5636 habetpoeuam,ioras
1389 5561 1479 5619 mittit
1488 5561 1647 5637 perlectam
1656 5561 1830 5622 charitatem
