3908 6096
117 285 175 350 108
864 287 1080 352 EPISTOLAE.
1762 297 1821 360 {0⁶
1903 235 1909 240 ·

118 416 659 493 hibendirinum,qncusqusadeuam
668 422 801 478 sanctam
809 426 944 494 matrem,
959 424 987 492 Α
1001 422 1120 493 injuria.
1131 423 1233 497 fugito
1247 440 1326 498 ergo,
1340 425 1454 498 fratres,
1466 426 1503 483 ab
1518 426 1573 484 hac
1584 427 1728 486 stultitia:
1742 431 1822 487 suffi-

119 508 235 566 ecilioet
247 507 463 567 vercellensem
479 508 646 578 Ecclesiam,
664 513 860 584 nostramque,
873 528 945 583 pre·
1000 512 1038 567 cit
1051 512 1129 568 enim
1145 513 1228 569 vobis
1243 514 1321 571 diem
1332 514 1528 588 Dominicnm,
1539 519 1568 572 ct
1582 514 1655 574 aliae
1669 518 1822 577 celeberri-

119 597 246 654 eentiam
272 599 309 655 ad
333 597 571 668 satisfationem,
586 615 745 671 veramque
769 599 946 672 paenitentia
999 617 1065 656 mas
1077 602 1342 661 stasacerdotibus
1355 605 1530 678 approbatas
1541 605 1715 664 festivitates
1724 609 1823 666 obser·

118 685 508 759 humilitatemJ‘udicandus
518 686 663 744 adveniat.
673 688 703 743 si
712 687 780 759 quis
789 693 887 745 autem
899 704 946 745 so·
998 706 1076 746 rere.
1091 694 1123 745 ln
1139 690 1248 762 quibus
1263 691 1328 749 ideo
1343 693 1447 750 feriare
1461 678 1582 761 debetis,
1597 700 1630 752 ut
1644 712 1661 753 a
1675 696 1821 754 moniari-

118 775 223 849 perbia
236 775 356 832 inflatus
365 779 468 832 metra
480 775 536 832 hoc
550 792 636 847 agere
650 777 814 846 tentaverit,
826 778 900 834 aciat
913 794 945 835 se
998 777 1056 834 hus
1072 778 1196 850 negotiis
1216 781 1356 852 expediti,
1372 782 1493 840 liberius
1517 784 1675 842 Dominum
1699 787 1823 859 ejusque

117 863 156 920 eb
170 863 306 921 Ecclesia
317 863 473 922 liminibus
487 864 668 938 pellendum,
679 870 709 921 et
724 883 742 922 a
756 871 858 924 sancta
868 883 946 923 oom-
998 873 1116 924 sanctos
1132 867 1300 926 collaudare
1313 870 1358 927 vel
1380 872 1548 942 predicare,
1563 873 1664 947 eisque
1677 875 1823 933 deservire

118 953 263 1009 munione
273 956 442 1011 extraneum
455 971 463 1022 ;
478 954 676 1026 omnibusque
686 954 945 1012 fidelihusabomi·
999 956 1211 1029 possitis.Nam
1221 963 1302 1015 sexta
1311 959 1383 1016 feria
1392 960 1499 1020 melius
1508 967 1554 1020 est
1562 960 1694 1021 laborare
1704 981 1822 1036 panem,

118 1042 265 1110 nendum,
279 1042 370 1099 donec
394 1047 503 1100 senate
522 1043 658 1101 Ecclesia
672 1044 835 1117 susceperit
849 1060 944 1101 corre·
998 1046 1079 1102 unde
1098 1050 1127 1102 et
1148 1050 1278 1106 tuamet
1297 1047 1422 1105 alienam
1439 1050 1556 1107 reficere
1571 1052 1668 1124 possis
1682 1053 1821 1121 esuriem,

117 1131 260 1206 ptionem,
272 1134 332 1187 tam
348 1131 413 1204 ipse
427 1147 516 1204 quam
527 1148 630 1189 omnes
645 1133 695 1204 qui
712 1133 769 1204 ipsi
783 1133 946 1189 communi·
998 1136 1693 1205 quamotiosismenibussedensinanesfabulss
1704 1140 1822 1214 garrulo

117 1224 436 1294 oent‚postquamenm
446 1221 945 1295 telemcognoverint;saoerdotum
998 1239 1048 1280 ore
1060 1224 1182 1295 Jaotare.

116 1309 945 1383 verosiquisfortssse,quodDeusavertat,taliabomi·
1296 1349 1515 1407 EPISTOLAV

116 1398 237 1456 mons
263 1396 395 1471 pollutus
418 1398 517 1466 fuerit,
539 1397 655 1469 nullum
681 1396 813 1456 divinum
839 1400 947 1457 audeat
1519 1393 1526 1406 ’

117 1502 265 1560 usurpare
287 1487 472 1571 mysterium,
496 1487 588 1545 donec
613 1487 734 1561 dignam
759 1487 829 1561 Deo,
844 1494 945 1546 nostro
1230 1473 1268 1512 ¹⁴⁰
1286 1474 1400 1515 ηοω
1419 1473 1592 1515 ”⁹¹³0090M·

113 1576 228 1649 indicio
252 1575 399 1650 persolvat
419 1576 660 1634 satisfactionem.
1035 1580 1159 1636 Summa
1172 1579 1324 1637 devotione
1338 1579 1458 1637 colendo
1472 1582 1679 1640 domnoniam
1694 1597 1825 1640 reveren·

411 1663 586 1721 semrom
604 1666 653 1721 lv.
1000 1669 1125 1727 dissime
1139 1673 1169 1726 et
1183 1670 1371 1727 sanctissimo
1384 1670 1503 1742 proesuli
1514 1672 1590 1728 Arm
1600 1671 1695 1744 gratia
1706 1670 1759 1729 Dei
1769 1672 1825 1730 hn-

264 1768 303 1810 an
320 1769 416 1811 ornans
435 1769 550 1810 rmeass
568 1769 633 1810 sun
651 1770 801 1812 ornans.
960 1759 1080 1857 Bmills
1095 1760 1261 1834 spiscopus,
1276 1764 1429 1832 vesterque
1444 1760 1824 1832 fidelissimus,orationum

154 1843 231 1900 lrro
256 1842 350 1917 gratie
376 1843 428 1899 Dei
455 1841 578 1899 humilis
605 1843 772 1916 episcopus,
797 1842 944 1901 universis
998 1849 1171 1906 instantiam
1186 1866 1252 1906 cum
1268 1850 1370 1907 devoto
1384 1849 1538 1906 famulatu.

117 1931 257 1989 fidelibus
280 1935 388 1990 nostre
409 1930 553 2001 Ecclesia,
569 1930 722 2006 notrisque
741 1932 944 1990 dileetissimis
1036 1937 1824 2013 Deusomnipotans,quivosinpastoralithronolocsre

118 2019 191 2077 filiis
206 2036 262 2093 pax
276 2019 316 2077 sit
334 2025 365 2078 st
384 2020 535 2090 gaudium.
1000 2027 1139 2100 dignatus
1152 2030 1206 2093 est,
1217 2025 1282 2097 ipse
1294 2042 1346 2081 vos
1357 2026 1423 2098 jugi
1436 2024 1628 2099 opitulatione
1638 2027 1711 2084 adeo
1726 2032 1825 2084 custo-

154 2108 186 2166 si
210 2108 289 2164 enim
312 2107 427 2164 sincero
446 2108 534 2165 corde
554 2125 618 2182 qua
641 2127 659 2166 a
682 2109 793 2167 sanctis
807 2109 945 2167 Patribus
1000 2115 1063 2170 dire
1075 2114 1222 2186 dignetur,
1233 2116 1266 2168 ut
1279 2111 1468 2170 sacerdotalis
1478 2111 1573 2169 honor
1582 2116 1703 2170 cunctos
1712 2117 1825 2171 vestros
1892 2157 1896 2164 .

120 2196 232 2253 tradite
245 2201 473 2270 cognoscuntur,
489 2213 508 2253 a
525 2197 609 2254 vobis
627 2196 765 2255 inviolata
780 2201 943 2266 servantur,
1000 2200 1826 2275 dirigatactus,rursumquevsstrissacrisaotihussacer»

119 2300 261 2359 megm
275 2286 362 2342 nobie
381 2286 412 2342 in
430 2285 487 2343 hoo
502 2286 673 2360 preparatis
686 2286 829 2345 letitiam.
844 2288 875 2343 Si
890 2304 944 2344 au·
1000 2291 1107 2349 dotalis
1117 2290 1188 2346 ordo
1199 2288 1381 2363 profulgeat.
1393 2288 1476 2353 Quod
1485 2295 1583 2347 autem
1593 2293 1690 2347 uestra
1700 2289 1825 2362 pruden-

119 2378 194 2441 tem,
208 2375 287 2447 qnod
301 2373 389 2442 absit,
404 2374 529 2432 divorsis
543 2375 693 2432 erroribus
706 2391 758 2432 vos
775 2375 946 2450 cognoveri·
1000 2381 1042 2438 tia
1056 2383 1187 2437 nostram
1203 2378 1337 2435 hebetem
1352 2376 1473 2451 dignata
1494 2381 1540 2435 eet
1553 2378 1610 2450 (56)
1636 2377 1822 2452 parvitatem,

121 2479 191 2520 mne
206 2464 389 2537 depravatos,
405 2463 527 2537 mendis
544 2463 613 2521 inde
627 2480 736 2521 moeror
750 2468 851 2521 nostro
865 2463 945 2520 cordi
999 2485 1090 2542 quare
1103 2465 1260 2541 quemdem
1272 2469 1379 2523 nostra
1391 2465 1521 2524 Ecclesia
1535 2466 1629 2523 filium
1643 2483 1661 2524 a
1674 2466 1741 2523 fllia
1757 2483 1823 2525 sus·

120 2552 367 2610 accumulabitur.
382 2553 457 2609 Nam
472 2552 498 2609 si
512 2553 636 2625 abiectio
651 2553 799 2626 discipuli,
811 2552 945 2626 magistri
1000 2556 1133 2631 cipientis
1144 2572 1176 2612 se
1185 2555 1221 2612 ds
1232 2571 1315 2612 sacro
1325 2555 1406 2611 fonte
1415 2554 1638 2627 prohiberemus
1649 2554 1822 2628 nuptiis.1n·

119 2648 167 2700 eet
181 2641 403 2713 detrimentum,
419 2645 531 2714 quanto
545 2641 640 2716 magis
659 2642 856 2716 pravaricatio
870 2641 945 2698 filio·
1000 2659 1089 2718 super
1112 2643 1137 2699 si
1160 2641 1278 2715 aliquod
1294 2641 1455 2714 capitulum
1471 2647 1618 2714 repertum
1633 2642 1821 2710 haberemus,

121 2747 189 2787 rum
204 2730 296 2804 patris
309 2730 386 2788 velat
398 2747 463 2788 esss
479 2731 667 2803 periculum?
681 2731 729 2788 Sic
743 2747 797 2788 nos
811 2731 945 2804 omnipo·
998 2733 1081 2790 robis
1095 2730 1221 2804 dirigere
1235 2731 1409 2788 mandastis.
1426 2731 1524 2799 Scitis,
1539 2731 1651 2788 domini
1665 2730 1733 2798 mei,
1750 2729 1821 2802 quie

120 2823 188 2876 tens
201 2824 285 2892 pater
299 2821 404 2894 degere
418 2821 568 2888 concedat,
584 2825 618 2876 ut
635 2820 753 2894 utrique
769 2820 805 2876 de
819 2824 945 2894 utroque
999 2823 1031 2879 in
1046 2820 1214 2879 carnalibus
1229 2820 1343 2892 nuptiis
1364 2836 1423 2877 non
1446 2824 1561 2877 tantum
1583 2819 1756 2893 spiritualis,
1772 2818 1824 2875 sed

121 2924 354 2978 remuneremur,
362 2925 398 2965 ns
407 2909 566 2965 damnandi
574 2909 752 2981 judicemur.
762 2909 853 2982 igitur
862 2909 946 2965 audi·
1000 2911 1089 2968 etiam
1100 2908 1249 2966 secularis
1259 2909 1305 2965 lex
1315 2912 1360 2965 est
1370 2908 1554 2982 inquirenda.
1565 2908 1657 2982 Igitur
1667 2909 1825 2981 huitprsn·

119 2996 219 3054 vimus
233 2996 375 3054 intervos
390 3014 498 3055 novum
513 2999 672 3070 quemdem
690 2997 853 3055 surrexisse
866 3014 946 3054 erro·
1000 2999 1058 3055 due
1073 2996 1235 3054 catholicus
1249 3013 1299 3053 rex
1319 2995 1408 3068 hujus
1431 2997 1461 3052 in
1482 3013 1541 3069 qua
1559 2995 1695 3069 degimus
1710 2996 1824 3068 patria,

120 3100 196 3155 rem,
212 3089 244 3143 ut
267 3086 372 3143 dicatis
395 3091 478 3142 sexta
503 3087 576 3143 feria
600 3087 658 3143 otio
681 3103 747 3144 esse
770 3086 945 3154 vacandum,
1000 3086 1059 3144 tale
1082 3101 1149 3143 oum
1175 3101 1320 3142 consensu
1345 3084 1426 3141 illius
1448 3083 1589 3156 temporis
1610 3100 1764 3155 procerum
1779 3082 1823 3140 vei

119 3178 150 3231 et
164 3173 271 3247 epulis,
286 3173 332 3231 vel
347 3174 487 3231 conuiuiis
506 3175 687 3231 abutendum
703 3193 711 3243 ;
739 3179 769 3230 st
794 3190 860 3230 oum
883 3174 947 3246 ipse
961 3157 984 3225 C
999 3175 1135 3247 judicum
1150 3173 1311 3245 capitulum
1327 3173 1524 3246 promulgavit
1537 3175 1613 3242 (Lep.
1624 3174 1711 3246 toas.
1725 3171 1777 3229 lib.
1791 3188 1824 3241 u,

119 3262 257 3319 omnium
274 3262 451 3334 Redemptor
463 3263 601 3318 eumdem
616 3262 694 3318 diem
714 3262 873 3318 tristiorem
889 3279 948 3335 pre
1002 3263 1047 3318 tit.
1062 3262 1090 3328 8,
1105 3261 1125 3316 1.
1136 3261 1164 3332 5)
1177 3278 1184 3316 ε
1201 3283 1214 3310 α
1227 3264 1287 3316 Hoc
1299 3260 1469 3316 sensuimus
1481 3264 1569 3332 atque
1578 3260 1783 3334 praeopimus,
1793 3263 1827 3317 ut

118 3350 241 3409 eunctis
254 3349 379 3415 duxerit,
391 3354 421 3406 et
435 3353 517 3406 tants
526 3366 578 3422 pro
590 3350 676 3407 nobis
687 3350 844 3424 opprobria
858 3352 947 3408 susti·
1002 3349 1104 3407 nullus
1114 3352 1274 3422 presumat
1284 3353 1474 3405 commatrem
1485 3365 1570 3405 suam
1581 3365 1700 3405 uxorem
1709 3349 1825 3421 ducere,

120 3438 232 3504 ruerit,
247 3454 299 3494 vos
318 3437 395 3509 jocis
421 3438 599 3506 incumbere,
616 3440 646 3494 et
670 3438 730 3495 otia
755 3439 859 3496 motari
885 3443 948 3495 stu·
1002 3438 1053 3494 sed
1068 3453 1121 3494 neo
1136 3436 1228 3494 tiliam
1243 3453 1333 3509 quarn
1348 3437 1384 3493 de
1399 3453 1482 3494 sacro
1497 3436 1575 3494 fonte
1589 3437 1713 3507 levavit3
1729 3453 1825 3510 neque

120 3525 227 3586 dentis.
241 3525 373 3599 Apostoli
391 3526 480 3583 etiem
504 3526 658 3599 natamque
685 3526 787 3584 fideles
809 3533 871 3584 tam
895 3529 947 3585 tri·
1002 3527 1083 3583 filius
1107 3526 1173 3596 sius
1194 3528 1356 3598 presumat
1370 3524 1461 3582 filiam
1477 3524 1558 3584 illius
1572 3542 1692 3583 uxorem
1708 3527 1824 3598 ducere,

123 3621 197 3674 οῑοω
213 3615 350 3672 eumdem
361 3615 508 3671 duxerunt
523 3614 610 3680 diem,
622 3619 656 3671 ut
670 3632 722 3689 per
732 3616 861 3674 diverses
874 3616 947 3674 lata-
1001 3615 1053 3688 qui
1064 3631 1132 3672 sum
1144 3615 1180 3670 de
1191 3615 1270 3671 fonte
1280 3614 1424 3687 suscepit3
1437 3614 1505 3685 quia
1514 3613 1682 3687 spirituales
1694 3613 1827 3689 germani

121 3705 192 3762 bras
213 3703 374 3777 fugitantes
399 3703 447 3760 rix
469 3704 529 3760 dno
551 3703 640 3761 simul
665 3705 873 3778 reperirentur.
890 3706 948 3762 Nec
1001 3721 1067 3762 esse
1076 3706 1299 3761 noscunturzet
1308 3703 1358 3775 qui
1370 3703 1424 3758 hoo
1435 3700 1547 3758 malum
1557 3703 1652 3761 facere
1661 3703 1827 3772 tentaverit,
1929 3758 1934 3768 ,

122 3792 277 3867 epularum
288 3791 863 3866 poteratflsrimentio,qnibuevite1am
874 3812 948 3868 pene
1002 3796 1105 3867 perdet
1117 3809 1233 3850 omnem
1249 3792 1445 3848 substantiam
1458 3807 1554 3848 suam.
1563 3792 1658 3849 Etfllii
1668 3792 1718 3865 qui
1728 3793 1764 3849 de
1773 3792 1827 3851 teli

123 3882 288 3939 adheserat
300 3881 476 3955 desperatio.
490 3881 599 3938 lladem
613 3898 733 3955 quoqne
747 3882 794 3939 dis
808 3882 851 3939 eol
865 3887 949 3941 tene-
1002 3882 1104 3939 illicito
1124 3879 1312 3936 matrimonio
1336 3883 1507 3952 nascuntur,
1523 3878 1653 3936 heredes
1679 3896 1744 3936 esse
1767 3897 1827 3937 non

125 3971 189 4027 bris
197 3970 323 4028 amiotus
332 3968 435 4027 lumen
444 3969 686 4043 obduxit,etipee
696 3969 842 4028 elementa
852 3972 951 4028 turbe·
1004 3969 1122 4036 debent,
1134 3968 1185 4025 sed
1201 3965 1357 4039 propinqui
1372 3971 1519 4038 parentes.
1533 3967 1588 4022 Ubi
1604 3970 1702 4023 autem
1717 3967 1827 4024 inventi

124 4062 158 4116 ts
171 4059 369 4117 turbationem
383 4058 477 4116 totins
490 4059 684 4116 ostenderunt
698 4059 811 4117 mundi.
827 4060 902 4116 Nam
924 4059 951 4116 si
1005 4057 1126 4123 fuerint,
1137 4055 1186 4128 qni
1203 4070 1294 4126 supra
1303 4054 1413 4126 scripta
1422 4053 1828 4127 illicitaconjugiacontraxo·

124 4148 205 4205 diem
220 4147 404 4205 homininum
423 4148 461 4204 ob
484 4147 681 4205 venerabilem
696 4149 950 4205 Resurrectionem
1005 4146 1075 4211 rint,
1088 4144 1120 4200 in
1135 4142 1273 4215 prasenti
1285 4146 1469 4215 separentur,
1482 4146 1510 4200 et
1520 4159 1611 4217 poena
1622 4142 1828 4216 suprascripta

125 4235 245 4294 Domini
261 4237 354 4294 nostri
367 4237 438 4294 lesu
453 4236 573 4309 Christi,
585 4253 637 4294 seu
653 4237 852 4310 apostolorum
867 4242 951 4295 cate·
1005 4234 1215 4306 subjaceant.»
1818 4219 1826 4235 '

121 4341 289 4398 nonamque
303 4324 436 4383 fidelium
450 4324 583 4382 letitiam
597 4342 656 4383 non
671 4326 768 4383 solum
788 4326 820 4382 io
840 4326 953 4383 Pascha
1041 4323 1098 4380 Lex
1121 4321 1221 4389 etiam,
1245 4336 1309 4392 qus
1333 4319 1429 4377 Salios
1455 4320 1572 4392 dicitur,
1597 4320 1653 4378 hoa
1677 4321 1829 4378 continet:

128 4413 322 4484 eebbrsmus,
347 4429 450 4470 uerum
476 4413 565 4471 etiam
592 4430 645 4486 per
671 4413 803 4488 singulos
826 4413 952 4472 circulos
1007 4435 1023 4465 a
1037 4412 1160 4470 Uxorem
1173 4409 1265 4484 patris
1275 4410 1301 4466 si
1311 4410 1378 4481 quis
1388 4410 1542 4483 acceperit,
1552 4411 1656 4467 mortis
1666 4410 1830 4484 periculum

127 4501 381 4561 hebdomadarum
405 4501 500 4575 ipsius
522 4501 580 4558 diei
603 4500 763 4576 imaginem
784 4503 952 4576 frequenta·
969 4500 1149 4588 Dinourrat,
1163 4503 1192 4556 et
1206 4500 1242 4557 ds
1256 4499 1410 4572 preteritis
1426 4498 1771 4570 commotionibusque
1787 4499 1831 4555 in-

129 4607 219 4660 mue3
234 4593 357 4649 demens
367 4595 422 4663 est,
432 4590 484 4664 qui
497 4594 607 4648 sextam
619 4591 734 4663 feriam,
744 4608 803 4664 qua
813 4592 955 4650 Dominus
1010 4593 1096 4649 ceste
1109 4604 1175 4646 esse
1188 4588 1333 4658 videntur,
1350 4603 1402 4659 per
1415 4587 1613 4658 precationem
1628 4586 1832 4661 episcoporum

129 4680 289 4737 crucifixus
314 4684 369 4749 est,
385 4694 437 4752 per
460 4696 564 4737 omnes
585 4679 786 4738 hebdomadas
811 4682 848 4738 ob
874 4680 956 4739 illius
1007 4679 1157 4754 J'nssimus
1167 4676 1334 4734 emendare.
1345 4675 1399 4739 Qui
1414 4691 1482 4732 vero
1493 4675 1664 4748 episcopum
1679 4692 1766 4733 suum
1782 4693 1833 4734 no·

123 4767 292 4842 imaginem
309 4785 377 4826 oum
392 4768 571 4827 abstinentia
595 4773 625 4824 et
648 4770 872 4842 compunctione
884 4788 955 4828 mm·
1010 4769 1098 4827 luerit
1114 4766 1225 4834 audire,
1237 4770 1267 4822 st
1280 4764 1552 4821 excommunicatus
1566 4764 1664 4838 fuerit,
1675 4780 1834 4840 perennem
1872 4818 1875 4822 r

131 4858 209 4914 roris
225 4858 353 4932 abnegat
368 4857 587 4916 celebrandum.
604 4858 697 4915 habor
714 4859 841 4932 denique
863 4859 957 4934 impe·
1011 4856 1208 4915 conditionem
1219 4855 1275 4926 (57)
1287 4852 1363 4925 apud
1374 4852 1467 4909 Deum
1478 4853 1632 4923 sustineat,
1642 4859 1670 4911 et
1680 4855 1716 4912 de
1726 4852 1834 4928 palatin

132 4945 300 5004 dimentum
325 4946 442 5004 dicitnr.
459 4948 490 5003 ln
516 4963 622 5020 magno
649 4962 718 5020 ergo
744 4964 777 5004 eo
805 4948 852 5006 die
875 4948 958 5006 Chri·
1012 4950 1112 5003 nostro
1127 4941 1247 4999 omnino
1271 4941 1311 4998 eit
1331 4946 1498 5014 extraneus,
1514 4947 1545 4999 et
1569 4960 1672 5000 ornnes
1695 4958 1741 4999 res
1764 4955 1836 4997 suas

132 5038 199 5092 stus
209 5033 305 5092 fuerat
314 5034 482 5106 labore,qui
492 5038 574 5091 tanta
583 5036 619 5091 ah
629 5033 730 5106 impiis
741 5037 888 5090 tormenta
897 5051 961 5108 per·
1013 5032 1185 5109 parentibus
1195 5029 1467 5104 legitimisamittat.
1476 5052 1491 5082 a
1501 5031 1749 5104 Romaniqnoqus
1758 5027 1837 5100 prin-

134 5121 255 5180 tulerat.
263 5122 504 5189 Similitsretiam
515 5138 618 5180 omnes
627 5121 814 5195 ejustideles,
826 5124 903 5195 quod
914 5123 960 5179 fu·
1013 5125 1094 5197 cipes
1110 5121 1201 5178 totius
1221 5136 1294 5193 pene
1308 5120 1485 5177 monarchia
1499 5121 1694 5185 dominantes,
1711 5130 1837 5188 quornm

134 5212 251 5284 glentm
266 5211 347 5269 intus
362 5210 454 5280 dolor,
466 5227 484 5267 e
497 5210 568 5267 foris
582 5211 734 5282 premebat
747 5212 895 5285 angustia,
907 5227 961 5269 neo
1015 5213 1110 5286 legem
1123 5211 1211 5268 etiam
1227 5208 1312 5266 nobis
1326 5210 1529 5267 sacerdotibus
1543 5209 1573 5265 in
1589 5206 1691 5263 multis
1703 5203 1840 5262 convenit

134 5299 262 5359 feriendi
284 5301 431 5359 dabantur
449 5298 585 5367 inducia,
600 5299 708 5371 quibus
722 5299 790 5358 talis
804 5301 964 5375 parabatur
1015 5304 1180 5370 observare,
1192 5298 1455 5357 taliainstitutade
1470 5296 1614 5369 conjugiis
1623 5293 1778 5367 loquentes
1788 5293 1840 5352 de·

170 5499 231 5572 (56)
245 5498 367 5568 Dignata
381 5504 430 5554 set.
445 5496 525 5554 Vidit
538 5496 681 5554 Acherins
698 5512 797 5555 vocem
820 5497 962 5573 aliquam,
1053 5498 1110 5569 (57)
1125 5495 1323 5554 conditionem.
1338 5492 1528 5567 Perspicuum
1543 5494 1589 5549 est
1607 5491 1655 5552 hic
1674 5491 1731 5568 legi
1753 5507 1842 5569 opor·

136 5568 266 5631 fortasse
278 5571 475 5647 commeasse
491 5569 592 5627 deesse
606 5568 663 5626 hoc
678 5568 751 5629 loco.
1018 5573 1080 5629 tere
1099 5568 1362 5628 medemnottoaem,

299 5696 434 5765 Person.
455 5694 617 5764 cxxxiv.
1662 5694 1682 5759 l
