3908 6096
120 352 189 420 'tet
350 357 562 421 expostulo
585 358 623 418 lli
645 352 862 418 DPlss'l'DLAS
885 355 1016 418 otuu.
1037 387 1076 400 -
1097 356 1136 417 tu
1160 357 1285 420 uulsi.
1308 357 1334 420 tt
1355 360 1408 421 AD
1429 357 1614 421 ditasset.
1775 359 1835 422 tte

122 489 263 562 ‘petilentia
276 493 376 557 oestro,
390 495 418 546 et
442 489 496 560 fide
508 489 540 544 in
566 489 695 544 omnibns
716 486 950 559 persecutionibus
964 486 1257 561 petriieeudbriatc.
1276 489 1390 545 Gaudio
1415 490 1496 545 addit
1510 494 1539 545 et
1565 506 1676 562 preces,
1705 494 1739 546 ut
1765 494 1836 563 qaia

123 579 234 644 neritia
250 583 276 635 et
285 580 502 650 moerorisque:
514 579 656 633 euchrotia
669 579 702 632 in
714 575 956 646 enempiominsti
1010 575 1107 632 dovoti
1124 582 1203 644 sunt,
1216 577 1351 649 dignetur
1370 578 1445 634 Deus
1460 580 1600 649 adjuvare
1615 596 1676 648 eos,
1692 583 1725 634 ut
1749 581 1834 652 perti-

122 667 227 742 judicii
240 668 299 734 Dei,
315 671 345 723 in
355 667 414 734 boc,
430 669 462 722 nt
475 669 555 738 cipri
568 666 729 722 bobeomini
741 681 827 736 repno
842 665 956 735 Dei‚pro
1010 665 1088 720 ciant
1102 682 1176 736 opus
1204 671 1330 736 eoeptum
1355 668 1390 721 ad
1413 666 1577 722 claritatem
1599 668 1712 722 Domini
1743 668 1835 724 nostri

125 765 216 831 punct
226 757 365 828 potimini.
382 755 511 813 Gloriam
527 771 592 812 csse
606 771 693 811 suam
715 753 746 809 in
762 753 868 808 horum
884 768 955 808 oon·
1009 752 1214 819 laedebant,
1231 758 1264 808 ut
1278 756 1475 825 perseveranti
1500 755 1713 828 discipulorum
1749 757 1834 813 testi-

124 846 302 911 versatione,
317 847 347 900 ct
370 843 572 916 persecutione
584 843 738 899 toleranda
750 845 909 905 testantur,
924 840 955 895 ia
1010 841 1143 896 monium
1159 843 1198 897 sit
1208 842 1341 913 magistri
1357 844 1393 898 ad
1407 843 1542 915 gloriam.
1558 845 1724 901 Auctoritas
1752 846 1831 901 enim

126 937 256 1000 tantum,
269 936 303 989 ut
317 932 395 1004 apud
409 936 530 988 catores
546 931 690 987 Ecclesiae
705 929 839 1002 exempla
853 944 954 985 eorum
1010 930 1144 1001 magistri
1158 931 1189 985 iu
1200 930 1272 985 disci
1278 930 1416 1002 palorum
1431 937 1476 988 est
1487 934 1673 1001 fiducia‚cum
1690 951 1721 990 se
1736 935 1766 990 iu
1783 951 1833 990 ac·

124 1023 324 1097 proterantur,
339 1025 372 1077 ut
386 1020 551 1076 imitatione
566 1020 698 1092 ipsorum
708 1022 842 1075 crescent
862 1017 893 1072 in
910 1017 956 1072 do
1010 1023 1095 1089 cepta
1109 1019 1202 1090 gratia
1217 1019 1327 1075 iaciunt
1337 1020 1495 1090 digniores.

126 1111 245 1168 votione
259 1108 431 1183 passionum
448 1124 500 1181 pro
515 1108 641 1174 Christo,
661 1117 689 1164 ct
703 1109 873 1162 mercantur
885 1120 956 1159 oon·
1046 1108 1125 1178 (Cer.
1142 1108 1433 1179 {immarcescentem
1447 1128 1502 1178 vor,
1518 1115 1632 1183 fratros,
1659 1130 1710 1185 per
1734 1113 1834 1170 eduen-

127 1200 213 1272 sequi
229 1214 294 1273 que
309 1198 456 1271 promissa
468 1204 539 1254 suut
548 1197 658 1254 sanctis
673 1196 703 1251 iu
712 1195 758 1251 die
770 1192 955 1265 justijudioii
1010 1201 1069 1252 tom
1083 1199 1195 1253 Domini
1207 1201 1299 1253 nostri
1311 1200 1375 1255 iesu
1390 1200 1500 1263 Consti.
1516 1206 1542 1256 et
1554 1208 1656 1260 noetrae
1682 1219 1834 1274 congrego·

127 1289 280 1360 Doi,oujus
291 1302 392 1343 amoro
401 1287 548 1342 muudum
558 1299 694 1356 apernere
704 1300 762 1339 uon
771 1282 954 1339 dubitarunt.
1009 1288 1094 1342 tionis
1108 1288 1138 1342 in
1153 1289 1253 1358 ipsum,
1269 1304 1305 1343 ne
1318 1289 1405 1358 tacite
1418 1292 1586 1345 moritaniae
1608 1308 1721 1347 ucenae
1734 1301 1834 1362 oestro,

127 1378 202 1451 lpse
212 1377 291 1433 anim
304 1373 668 1449 pressurasoxemplasunt
683 1373 851 1429 futurorum
867 1371 953 1426 meri·
1010 1391 1098 1446 neque
1112 1375 1326 1443 comortamini,
1340 1393 1429 1447 neque
1441 1395 1492 1449 per
1505 1381 1646 1451 spiritum,
1673 1397 1761 1452 nepus
1783 1398 1835 1453 per

126 1471 225 1522 tomm
240 1465 271 1521 ia
286 1462 334 1520 hic
348 1463 399 1537 qui
430 1464 587 1535 patiuntur
613 1462 650 1517 ad
678 1459 820 1542 gloriam
836 1458 867 1515 in
895 1457 954 1514 illis
1008 1465 1130 1529 onium,
1146 1480 1234 1535 nepae
1245 1481 1296 1536 per
1309 1467 1471 1537 Epistulam,
1486 1472 1620 1538 cappam
1643 1471 1752 1526 anper,
1766 1472 1834 1526 mes.

127 1558 237 1624 autcm,
253 1552 304 1626 qni
319 1557 527 1625 persequatur,
543 1552 580 1608 ad
594 1548 800 1623 perditionem.
1007 1568 1078 1621 com,
1093 1556 1173 1625 qnasi
1197 1557 1280 1610 instet
1294 1555 1355 1610 dier
1370 1556 1490 1612 Domini.
1506 1559 1546 1612 Ne
1567 1559 1628 1628 quic
1656 1574 1702 1614 occ
1720 1560 1834 1616 seducat

162 1640 617 1716 Siquidemtliiltlly'netnmopnd
631 1640 717 1696 Deurn
731 1639 892 1694 retribuere
903 1638 953 1703 eie,
1007 1643 1065 1698 nito
1079 1644 1178 1711 modo;
1193 1646 1269 1714 onio,
1295 1645 1352 1699 nisi
1379 1646 1484 1701 uenerit
1503 1646 1618 1718 deiectio
1639 1649 1776 1718 primum,
1806 1654 1834 1703 ct

125 1732 177 1805 ’φῑὶ
190 1745 236 1788 cot
250 1730 420 1802 dirimi,
435 1727 760 1796 Dimflrssmtdvtibt'b
783 1726 953 1797 illimi-
1008 1732 1143 1788 revelatus
1153 1733 1240 1803 suerit
1261 1733 1339 1788 bento
1349 1732 1401 1788 ilie
1413 1737 1527 1804 peccati,
1556 1736 1631 1791 iiius
1657 1737 1833 1808 perditionis,

125 1832 190 1877 runt
199 1819 351 1884 sustinetis,
367 1819 491 1889 repiciens
503 1816 647 1872 nobismori
658 1817 689 1870 in
711 1814 877 1871 redemtione
900 1812 952 1868 Dc·
967 1855 992 1920 B
1005 1823 1054 1894 poi
1067 1820 1232 1877 aduncatur
1244 1824 1270 1877 et
1281 1822 1424 1877 extritum
1436 1838 1520 1894 cuper
1533 1840 1621 1892 omne,
1638 1825 1709 1896 quod
1731 1825 1834 1881 dieitur

127 1908 201 1965 miri
213 1911 285 1965 iesu
300 1907 333 1963 de
347 1907 414 1963 coelo
427 1920 491 1962 cum
512 1905 624 1978 angel&
637 1904 753 1959 virtutit
766 1903 825 1974 ejvs
847 1904 879 1958 in
892 1902 955 1972 lint
1008 1911 1088 1977 Deus,
1104 1917 1152 1965 oct
1166 1910 1241 1981 qnod
1268 1911 1377 1979 colitur,
1392 1914 1473 1966 itaut
1488 1913 1519 1966 in
1546 1913 1644 1983 templo
1670 1914 1719 1967 Dei
1744 1914 1835 1969 sedeci

128 1999 248 2069 puniente
274 1995 585 2052 emeritinensis
598 2008 653 2061 eos,
677 1994 727 2063 otti
751 2007 807 2048 non
821 1998 956 2047 noverunt
1009 1999 1189 2055 ostendencse
1202 2001 1396 2071 ipsemecum
1409 2001 1446 2054 eit
1467 2001 1535 2057 Dens
1563 2001 1702 2056 Obsecrat
1729 2018 1779 2058 eos
1795 2017 1831 2056 ne

125 2087 226 2158 Deam,
242 2082 646 2156 etineocpninonobuditmt
671 2082 820 2152 Evangelio
846 2081 957 2136 Domini
1009 2086 1110 2143 leviter
1124 2093 1152 2144 et
1167 2088 1251 2144 facile
1265 2089 1301 2143 dc
1330 2089 1454 2143 adventu
1470 2088 1554 2160 quasi
1582 2089 1749 2144 imminenti
1779 2094 1830 2145 Do·

128 2176 221 2230 nostri
234 2175 297 2231 Dru
312 2173 416 2230 Christi
431 2189 439 2228 t
455 2174 503 2244 qui
521 2186 618 2243 poentu
645 2171 794 2226 solventia
809 2169 955 2224 interilum
1010 2176 1083 2231 mini
1099 2176 1266 2249 opinionem
1283 2178 1446 2249 reciperent
1461 2195 1468 2232 :
1485 2176 1598 2233 attalia
1613 2178 1662 2233 dat
1680 2178 1830 2246 mandata,

128 2271 262 2319 numam
273 2279 291 2318 u
303 2263 375 2333 {hoie
389 2261 503 2317 Domini
526 2268 553 2316 et
566 2260 657 2329 pluria
670 2260 782 2314 virtuli-5
795 2259 864 2327 eitu-
889 2258 957 2325 Qui·
1010 2269 1043 2320 ut
1057 2265 1171 2321 etiamsi
1184 2282 1235 2336 per
1249 2265 1500 2337 spiritumaliquis
1511 2266 1588 2321 velut
1598 2267 1834 2338 prophetatusrit

123 2352 211 2408 mium
226 2350 393 2424 exemplum
402 2347 590 2421 justijudieii
600 2348 801 2419 Dciapparcro
814 2345 956 2402 dioittive
992 2352 1133 2431 locutus,
1150 2352 1228 2408 credi
1244 2353 1269 2408 ei
1286 2369 1344 2408 non
1360 2352 1463 2407 debeat
1477 2371 1483 2415 ;
1501 2370 1594 2425 nequa
1610 2355 1700 2426 siper
1727 2359 1833 2411 tracta-

123 2439 416 2511 ·lnhouos,sivetiu
433 2437 660 2508 malos,idoirco
690 2436 868 2492 subsecutus
897 2435 954 2490 ait:
1009 2446 1151 2510 tum‚aut
1166 2456 1217 2513 per
1231 2440 1387 2513 epistolam
1403 2442 1521 2497 nomine
1537 2444 1609 2499 torte
1631 2443 1832 2516 apostolurum

127 2530 280 2602 Siquidem
291 2529 410 2600 initum
421 2528 498 2599 &pud
515 2532 618 2593 mum,
635 2529 668 2581 ul
683 2525 786 2580 ffldllfll
798 2524 956 2596 unicuique
1011 2531 1323 2601 scriptam‚aseensum
1339 2530 1732 2587 tribuendum.Solentenim
1747 2533 1835 2604 tergi·

128 2619 293 2675 seeundum
303 2633 392 2690 opera
407 2633 470 2673 ³1¹³·
496 2616 572 2680 Quid
587 2619 648 2671 lam
668 2615 796 2687 justum.
810 2619 845 2668 ui
859 2612 911 2684 (tui
925 2613 956 2668 in
1009 2624 1218 2689 versatores‚ut
1231 2618 1343 2685 lallant,
1360 2619 1417 2673 suh
1432 2619 1551 2675 nomine
1567 2619 1638 2674 clari
1649 2617 1834 2692 alicujusviri

127 2707 536 2775 secatobonosdeprimunt,
552 2703 955 2773 etcxtorreaiaoiuntperse·
1010 2706 1164 2781 epistolam
1196 2708 1314 2777 fingere.
1345 2711 1377 2761 ut
1406 2706 1564 2762 auctoritas
1588 2708 1717 2764 nominis
1741 2710 1835 2781 possit

131 2796 473 2865 nationibus,iaiuturo
506 2794 607 2850 cadem
633 2793 794 2865 patiantur,
822 2808 886 2862 que
911 2792 955 2845 ia·
1010 2798 1227 2863 commendare,
1244 2797 1321 2867 quod
1336 2812 1386 2866 per
1411 2796 1509 2866 ipsum
1539 2797 1627 2868 recipi
1652 2813 1709 2852 non
1730 2797 1832 2870 possit.

131 2882 293 2952 Glussltflli
304 2890 414 2952 autem,
430 2888 463 2940 ul
476 2884 538 2939 ⁸1⁰2
561 2883 591 2937 5¹1
621 2881 722 2952 requie
749 2896 816 2935 cum
844 2878 957 2934 θὸθῑθῐίθ
1011 2887 1070 2943 Hoc
1084 2886 1207 2952 idemne
1218 2886 1283 2956 ipsa
1295 2885 1521 2955 perturbatione,
1539 2885 1608 2939 dum
1626 2886 1734 2940 incauti
1750 2887 1832 2941 inve·

131 2975 312 3048 sauctis‚qui
322 2971 667 3047 demagnatrtbutationo
676 2969 825 3026 venientes
834 2983 957 3038 regnum
1010 2977 1154 3040 nitentur,
1168 2973 1282 3046 possint
1301 2973 1401 3028 seduci
1421 2974 1457 3027 ad
1474 2973 1656 3028 adorandum
1681 2973 1832 3029 diabolum

131 3065 278 3138 accipient
292 3069 434 3120 aternum
446 3062 475 3117 in
491 3061 617 3117 adventu
632 3058 748 3114 Domini
759 3056 957 3125 decretarum
1014 3065 1064 3136 qui
1080 3063 1172 3118 idciro
1187 3063 1248 3117 hec
1254 3061 1388 3133 jactabit,
1405 3067 1438 3116 ut
1457 3061 1513 3118 sub
1538 3061 1696 3117 Salvatoris
1716 3061 1834 3118 nomine

131 3154 252 3226 ceperit
271 3150 373 3209 uenire
387 3166 455 3207 cum
485 3149 593 3205 calesti
618 3147 743 3205 exercitu
767 3151 796 3202 et
822 3144 956 3200 ministro
1012 3168 1158 3223 apparens
1171 3167 1204 3204 ac
1221 3149 1315 3206 salens
1330 3154 1457 3214 sanctos,
1472 3149 1542 3205 velit
1557 3149 1727 3220 coadorari,
1742 3150 1832 3205 atde-

130 3243 200 3316 igae
214 3244 250 3299 ad
266 3243 394 3300 dandam
408 3239 567 3295 uindictam
579 3234 811 3310 inpagauos‚qui
822 3224 994 3307 ignorante
1014 3241 1104 3313 cipiet
1118 3240 1269 3295 credentes
1284 3239 1313 3292 in
1329 3237 1487 3294 Christum.
1510 3238 1566 3293 Sed
1589 3241 1618 3292 et
1648 3237 1754 3303 locum,
1784 3243 1835 3294 aut

131 3333 227 3389 Deum
239 3332 355 3387 Patrem
368 3345 433 3386 osse
447 3328 554 3385 Christi
568 3331 650 3394 iesu,
666 3325 832 3395 attadaeos,
848 3324 898 3396 qui
914 3324 958 3379 di·
1014 3328 1197 3384 occasionem
1223 3327 1354 3397 fallendi,
1371 3343 1461 3398 quam
1477 3342 1508 3381 ee
1524 3331 1609 3398 putat
1632 3327 1748 3383 hahere.
1774 3344 1832 3382 non

130 3425 232 3477 centes
248 3436 280 3476 se
294 3424 386 3474 Deum
402 3417 487 3485 scire,
506 3433 562 3473 nou
578 3415 701 3471 credunt
711 3412 866 3484 Evangelio
880 3412 960 3468 Chri·
1013 3417 1120 3473 haheat
1130 3415 1408 3488 impudentissimus
1423 3416 1558 3483 Satanas,
1579 3422 1697 3487 tempus
1708 3419 1737 3470 et
1750 3414 1835 3487 signa

130 3510 183 3576 sti,
200 3509 277 3582 quod
293 3508 374 3563 dedit
391 3505 435 3563 llll
451 3505 535 3562 Pater
551 3506 637 3571 Deus,
652 3508 685 3558 ut
711 3503 839 3558 traderet
867 3501 959 3557 servis
1013 3507 1157 3562 adventus
1174 3504 1288 3559 Domini
1298 3503 1462 3576 designavit
1476 3522 1482 3572 ;
1495 3505 1564 3575 quia
1574 3520 1632 3559 non
1644 3503 1725 3575 prius
1739 3504 1836 3560 veniet

129 3598 218 3655 suisl
232 3599 310 3662 Quos
325 3612 427 3654 omncs
443 3595 598 3667 presentia
608 3592 735 3658 Domini,
747 3595 776 3646 et
791 3590 883 3664 gloria
894 3607 957 3646 ma·
1015 3596 1156 3651 Dominus
1171 3610 1259 3666 quam
1277 3593 1358 3664 regni
1374 3593 1497 3649 Romani
1513 3593 1634 3649 deiectio
1644 3593 1735 3660 fiat‚et
1745 3610 1835 3665 appa·

127 3686 245 3760 jestatis
260 3686 326 3758 eius
339 3684 417 3759 ignis
432 3689 543 3748 exuret,
552 3686 585 3737 ut
595 3680 708 3737 debitas
717 3680 841 3736 reddant
856 3696 958 3751 poenas
1013 3682 1348 3753 restantichristuaqui
1359 3682 1514 3738 interficiet
1524 3687 1651 3747 sanctos,
1664 3683 1835 3739 redditallo-

130 3776 271 3832 intaritus
287 3777 482 3838 maternum,
498 3787 617 3843 semper
639 3769 807 3836 sentientes,
837 3785 895 3824 non
914 3773 959 3824 ta·
1013 3772 1271 3840 manlslibcrtate,
1298 3773 1353 3826 suh
1380 3788 1433 3826 suo
1458 3776 1556 3826 tamen
1586 3773 1713 3827 nomine.
1730 3772 1832 3827 Sciens

134 3880 202 3921 mea
214 3864 335 3937 penitus
362 3861 541 3924 deficientes,
559 3863 590 3915 ut
604 3859 669 3929 ipsa
683 3873 769 3929 poena
795 3855 860 3912 illos
887 3873 958 3928 quo·
1013 3862 1091 3918 enim
1103 3866 1257 3916 venturum
1275 3859 1429 3914 Dominum
1446 3860 1482 3913 ad
1508 3875 1539 3913 se
1567 3860 1833 3931 comprimendum,

124 3953 292 4009 dammodo
302 3954 421 4024 generet
432 3963 560 4020 semper,
572 3963 630 4018 quo
646 3951 868 4001 consumantur.
1013 3965 1121 4004 nomen
1133 3951 1196 4019 ejus
1206 3948 1262 4002 sibi
1278 3947 1515 4017 usurpabit‚utet
1525 3962 1644 4018 regnum
1655 3947 1719 4017 ejus
1734 3963 1835 4001 verum

169 4038 548 4108 Comoeneritciorificariin
558 4034 957 4103 munientiaetrniriicariin
1012 4038 1187 4096 videaturet
1200 4034 1402 4089 trahatsecum
1413 4034 1464 4104 qui
1479 4033 1568 4088 sirnul
1579 4051 1645 4088 eum
1659 4051 1691 4089 eo
1703 4041 1834 4106 pereant,

131 4131 270 4195 omnibus,
285 4131 334 4202 qui
347 4127 532 4194 creciidcrunt
547 4128 612 4197 quio
627 4124 709 4195 fidem
725 4123 821 4178 ltobuit
835 4125 958 4177 testimo-
1013 4131 1046 4181 ut
1060 4125 1089 4179 in
1106 4126 1174 4180 sede
1187 4121 1344 4187 Domini,in
1358 4123 1426 4177 sede
1436 4123 1537 4177 sedeat
1551 4121 1657 4177 Christi
1674 4127 1724 4189 ;ut
1738 4123 1836 4194 ipsum

133 4222 216 4276 nium
231 4228 358 4276 nostrum
371 4233 453 4289 snper
464 4231 513 4272 voc
524 4217 552 4269 in
567 4213 613 4270 die
626 4213 679 4269 itio
689 4212 824 4268 aduentus
839 4213 957 4267 Domini.
1012 4219 1103 4269 Deum
1120 4228 1152 4267 ee
1167 4215 1288 4279 asserat,
1306 4226 1364 4265 non
1376 4210 1480 4266 Filium
1496 4211 1554 4265 Dei.
1570 4210 1690 4266 Undein
1705 4212 1837 4284 Evange-

127 4308 288 4381 Duplicom
302 4321 422 4364 sensum
434 4304 527 4376 (1291)
551 4302 691 4358 continet.
718 4300 857 4357 adveniet
880 4301 957 4356 enim
1013 4303 1052 4358 lio
1067 4302 1229 4357 adludens
1241 4300 1383 4355 Dominus
1395 4300 1444 4354 ait:
1463 4303 1520 4371 Epo
1531 4302 1595 4356 ueni
1615 4303 1645 4356 in
1660 4302 1835 4356 nominoio·

130 4398 240 4472 puuire
256 4396 360 4459 malos,
371 4393 573 4467 etglorilloarc
583 4392 685 4447 honos.
698 4389 762 4461 Ipse
772 4390 851 4444 enim
862 4387 959 4445 clarus
1013 4391 1065 4445 tris
1078 4389 1144 4454 mei,
1160 4396 1186 4443 ct
1200 4404 1254 4443 non
1270 4403 1313 4442 nse
1326 4389 1463 4460 recepistis
1480 4393 1523 4443 :et
1537 4389 1610 4443 olins
1625 4391 1730 4445 rrcncrr't
1745 4391 1775 4445 in
1785 4405 1837 4445 no·

121 4491 165 4543 ·et
180 4485 323 4543 mirabilis
338 4483 487 4540 videbitur
502 4482 530 4537 iu
547 4496 607 4551 eoa,
624 4479 673 4550 qui
689 4479 814 4535 credunt
826 4478 959 4550 exemplo
1012 4478 1246 4546 rnineeoaiitmn
1263 4479 1401 4547 recipietis
1417 4478 1505 4548 (loon.
1521 4495 1548 4544 v,
1571 4479 1625 4546 45).
1642 4479 1837 4543 Quamobrem

130 4580 165 4634 ot
181 4576 247 4630 ildci
264 4571 473 4646 apostolorum,
489 4587 556 4627 cum
568 4568 959 4632 tuerintcoronatilestimo·
975 4586 997 4650 D
1013 4583 1047 4620 cx
1062 4563 1293 4629 circumcisione,
1318 4569 1369 4618 aut
1387 4564 1593 4620 circumcisum
1622 4565 1720 4619 venire
1743 4564 1836 4631 illum,

132 4665 219 4721 nium
232 4662 372 4719 reddente
386 4662 430 4718 eis
444 4658 598 4731 Evangelio
608 4659 639 4713 in
649 4656 828 4714 dieIlomini.
838 4657 960 4713 Severus
1016 4653 1195 4726 sperandum
1207 4655 1261 4718 est,
1274 4659 1305 4706 ut
1316 4651 1354 4707 sit
1375 4653 1484 4708 tudinis
1503 4654 1631 4709 credenti
1652 4651 1695 4707 illi
1720 4654 1836 4709 fiducia.

134 4759 235 4811 autom
252 4749 404 4824 apparebit
419 4751 448 4805 in
463 4746 640 4814 incredulos,
656 4763 724 4802 cum
738 4745 852 4802 aeternis
868 4745 961 4817 pmais
1015 4744 1115 4813 ltaque
1131 4758 1197 4795 cum
1214 4741 1526 4798 Thessalonicensibus
1544 4742 1646 4798 scribit
1669 4741 1836 4814 Apostolus

134 4841 278 4915 coeperint
292 4838 443 4896 coarctari.
458 4837 570 4892 Corona
585 4834 883 4907 cnlmdiscipulorum
899 4851 960 4889 ma·
1015 4833 1100 4889 docet
1114 4847 1216 4886 omues
1231 4829 1260 4884 iu
1276 4847 1306 4884 re
1317 4829 1520 4900 hujuscemodi
1533 4836 1707 4886 cautososse
1722 4832 1836 4886 debere.

134 4930 222 5005 gistri
234 4934 280 4986 est
294 4928 395 5003 gloria,
409 4929 438 4981 et
460 4925 567 4980 veritas
581 4925 647 4995 ejus
674 4923 892 4979 incredulorum
917 4928 963 4979 est
1050 4921 1110 4976 Non
1123 4921 1291 4975 meretriciis
1306 4919 1433 4991 quodne
1459 4919 1548 4975 adbuc
1572 4919 1646 4992 opud
1672 4936 1715 4975 tros
1733 4917 1839 4987 repende

133 5035 232 5093 piena,
247 5017 317 5091 quia
331 5015 409 5088 quod
425 5013 649 5087 predicabatur,
677 5028 736 5067 non
763 5010 959 5067 crediderunt.
1015 5011 1075 5067 hmo
1090 5008 1252 5063 dicebantur
1265 5008 1359 5063 rolris?
1372 5008 1404 5063 Et
1418 5025 1492 5063 nunc
1515 5008 1580 5080 quid
1607 5008 1737 5076 detincat,
1751 5007 1837 5071 scitis,

170 5109 201 5163 ln
217 5121 269 5179 quo
283 5112 310 5161 et
328 5119 441 5161 oramus
461 5117 569 5172 semper
591 5116 642 5171 pro
658 5100 742 5170 nobis,
752 5108 840 5154 utros
866 5099 962 5171 dipncs
1015 5100 1052 5155 od
1064 5098 1124 5165 boc,
1138 5101 1168 5151 at
1184 5098 1319 5153 reueletur
1333 5097 1382 5153 ille
1393 5100 1422 5153 in
1438 5114 1487 5152 sno
1516 5107 1643 5169 tempore.
1664 5097 1721 5148 Duc
1736 5110 1837 5165 super·

134 5195 387 5254 bobectoocotione
415 5209 466 5248 cna
494 5191 563 5245 Deus
590 5199 692 5254 noster,
707 5192 734 5244 et
750 5188 862 5260 impleat
884 5192 963 5243 omni
1016 5204 1080 5245 esse
1096 5186 1175 5252 (licit,
1208 5192 1240 5240 ut
1263 5186 1405 5242 reveletur
1430 5186 1488 5253 illc,
1514 5187 1564 5257 qui
1590 5189 1656 5238 ante
1680 5183 1837 5237 Dominum

132 5287 235 5360 placito
250 5284 389 5348 bonitatis,
403 5285 430 5337 et
443 5295 523 5352 opere
536 5278 601 5350 fidei
620 5280 650 5332 in
665 5280 766 5334 uirtute
774 5295 785 5340 ,·
802 5280 842 5333 tiu
863 5280 893 5331 ut
904 5277 962 5332 ciu-
1017 5281 1158 5332 venturus
1173 5281 1263 5342 catut
1273 5276 1336 5346 jam
1352 5280 1525 5348 spereturet
1542 5273 1837 5339 llontiuueventurus,

134 5375 261 5446 ripcetur
273 5388 373 5428 nomen
392 5370 504 5425 Domini
517 5369 607 5424 nostri
620 5369 682 5423 icon
699 5366 801 5422 Christi
824 5367 853 5421 in
877 5367 961 5426 uobis.
1017 5367 1093 5437 quod
1110 5382 1209 5436 supra,
1226 5367 1309 5435 quasi
1326 5366 1380 5419 sub
1396 5364 1538 5418 velamine
1553 5363 1629 5414 tetus
1645 5364 1699 5431 est,
1716 5360 1836 5417 diceas:

130 5467 222 5523 eicos
237 5465 268 5518 in
285 5465 340 5535 ipso
356 5459 505 5516 secundum
519 5459 639 5529 prolium
661 5457 709 5511 Dei
723 5465 748 5511 ct
777 5457 886 5511 Domini
914 5473 960 5510 nc·
1017 5456 1165 5525 ll'isiprius
1180 5457 1284 5508 uerterit
1301 5453 1518 5526 ‹lelbctiomuum
1536 5448 1615 5521 regni
1633 5449 1754 5504 ueniant
1770 5450 1838 5505 abo-

174 5568 267 5641 (1290)
279 5566 366 5641 vulg.
382 5564 481 5635 hahet,
497 5566 523 5620 si
550 5567 655 5620 tutem:
673 5563 751 5618 unde
766 5562 874 5619 iorteri
901 5578 962 5635 quc·
1052 5560 1144 5632 (titt)
1161 5561 1286 5616 Verbum
1302 5559 1423 5615 continet
1438 5554 1639 5628 supplevimus
1650 5573 1685 5613 ex
1700 5557 1839 5630 operibus

137 5639 385 5714 dernlcgeadum.
1017 5632 1247 5691 divihmhrosii.
