3908 6096
116 354 176 419 883
626 351 795 415 aaronis
817 348 1111 414 vuacubbuusls
1132 350 1310 416 uelsuoel
1778 347 1831 411 eet

116 502 187 562 gare
198 499 381 558 supremum.
398 484 444 540 Sic
460 483 549 541 illecti
565 485 641 541 sceda
652 485 799 558 cupidine,
812 487 940 558 quando·
954 488 981 554 Α
996 485 1107 553 derent,
1120 488 1320 556 etexposcunt
1340 482 1460 540 attribui
1481 481 1536 540 sibi
1557 480 1629 538 ildis
1654 495 1726 553 quc
1737 497 1830 554 possc-

119 591 175 649 que
191 579 313 647 sperant
326 575 439 630 moestis
463 578 602 646 prestare
625 572 699 630 levia
724 575 747 630 si
773 575 832 630 sors
847 574 943 630 dillert
999 573 1067 630 dere
1079 573 1212 641 rebelles,
1233 578 1266 628 ut
1284 577 1421 629 maneant
1439 573 1521 629 dotes
1540 570 1753 644 proditionie;
1772 587 1830 643 spe-

118 663 275 737 quicquam
292 662 413 736 periculi
428 667 590 736 utcumque
604 662 711 736 ingerit
734 681 768 720 ex
783 663 900 735 proprio
916 668 944 719 et
997 665 1078 718 etant
1088 660 1223 718 revellere
1235 653 1299 735 que
1309 666 1381 718 tunc
1391 662 1507 732 cedunt,
1520 665 1549 716 et
1561 660 1670 732 prisca
1682 659 1756 714 dum
1768 661 1828 716 snb·

119 751 337 809 commanendo
353 756 551 823 prosternunt.
998 751 1088 824 podiae
1100 750 1209 806 fuerint
1219 752 1330 807 abrasae
1341 750 1477 806 dimersis
1493 748 1644 821 procintis
1657 752 1691 803 et
1702 748 1829 805 dimersis

47 910 49 914 Ι
157 842 405 914 lgiturPrincipes
414 841 648 897 adduntmunire
657 840 794 896 scabrosa
802 845 831 896 ct
839 845 944 896 cuncta
997 839 1035 895 iis
1050 839 1100 911 qui
1116 840 1214 912 vigent
1228 840 1365 908 solertia3
1381 845 1444 896 tum
1460 844 1487 896 et
1502 839 1532 894 bi
1548 838 1645 894 luunt
1657 837 1829 894 detrimenta

122 932 228 987 radosa
242 946 419 1001 perexesum
432 935 464 985 ut
482 929 521 985 nil
543 933 630 1002 queat
649 929 716 1000 quis
727 929 878 984 traducere
888 927 944 983 sibi
998 933 1027 985 et
1042 928 1119 984 tristi
1133 945 1271 985 successu
1284 928 1450 984 efficiuntur
1474 932 1608 984 extorres
1636 944 1656 982 a
1673 928 1828 982 commodis

121 1020 266 1093 ignotum.
279 1020 313 1075 Et
324 1016 945 1092 cuiextantpravalidamuniminaautpre-
999 1034 1052 1073 nec
1067 1021 1201 1090 vegetant
1215 1019 1251 1074 ab
1267 1017 1336 1074 ullo.
1354 1018 1490 1074 Vicissim
1507 1016 1625 1089 ejulant
1639 1034 1647 1083 ;
1668 1033 1727 1072 nec
1750 1017 1828 1072 deerit

124 1113 210 1165 munt
224 1108 388 1177 obsidibus,
404 1112 455 1163 aut
470 1108 606 1163 nituntur
620 1106 756 1162 eximere.
774 1106 804 1161 ln
820 1123 944 1176 quorum
997 1106 1102 1162 titulus
1119 1106 1265 1173 facinoris,
1282 1123 1339 1179 quo
1355 1106 1512 1180 instigetur
1527 1121 1696 1170 aerumma,
1714 1109 1747 1161 ut
1758 1111 1829 1161 cete·

124 1198 191 1266 ilde,
205 1197 229 1253 si
243 1197 438 1264 iuriecredas,
460 1194 642 1253 committere
661 1200 745 1250 tuum
761 1195 896 1263 landum,
913 1200 947 1250 ut
999 1196 1040 1251 ris
1056 1213 1118 1267 qua
1134 1195 1201 1264 heu,
1219 1195 1290 1267 prob
1306 1194 1389 1252 dolor
1405 1195 1411 1250 l
1440 1210 1561 1267 rapaces
1588 1195 1761 1250 ambrones
1775 1212 1829 1267 pro·

122 1288 234 1343 fervent
244 1286 308 1354 tibi,
330 1292 381 1342 aut
400 1287 424 1342 si
446 1302 529 1341 cures
552 1285 702 1357 imponere
717 1284 809 1340 ullum
826 1284 945 1340 titulum
1000 1284 1182 1356 pataverunt.

123 1381 188 1434 tum
204 1375 299 1432 metiri
325 1375 450 1447 propriIs
474 1373 638 1430 heredibus
659 1373 786 1447 elogium
803 1373 946 1447 quidquid
1036 1373 1215 1429 Tuncetiam
1228 1390 1283 1430 nex
1301 1378 1390 1444 atque
1409 1373 1496 1435 ruina
1506 1377 1691 1428 caeterorum
1704 1372 1831 1442 objicitur

78 1472 82 1480 '
123 1464 372 1522 utilsesteunotis
381 1463 437 1520 sibi
447 1464 604 1532 vindicant,
616 1464 948 1535 nequeponuntdisper·
1001 1462 1059 1528 his,
1071 1467 1099 1518 et
1109 1463 1199 1519 duces
1209 1462 1258 1533 qui
1272 1464 1402 1519 lecerunt
1423 1463 1498 1519 ioeda
1509 1479 1562 1534 per
1573 1477 1689 1518 omnes
1700 1466 1831 1518 accusant

125 1570 192 1628 gere
213 1552 317 1609 saltem
338 1556 449 1624 partem
473 1552 501 1607 in
528 1552 584 1618 bis,
601 1569 663 1624 qum
679 1551 748 1607 olim
764 1556 945 1625 paraverant.
1002 1551 1055 1607 bos
1067 1552 1194 1607 tomenta
1205 1551 1359 1607 scelerum.
1376 1551 1470 1607 Pudet
1489 1568 1529 1623 se,
1553 1567 1610 1607 neo
1621 1556 1831 1608 conanturtra·

126 1642 197 1708 Quis
209 1646 328 1698 struunt
339 1658 419 1698 arces
439 1641 566 1711 concilii,
585 1646 617 1696 ut
632 1658 668 1697 ne
683 1658 742 1712 que
756 1641 885 1697 incursio
898 1642 947 1710 sit,
1003 1641 1107 1696 ductos
1122 1640 1262 1712 redigere.
1279 1641 1334 1696 Sed
1357 1640 1418 1696 hae
1440 1646 1557 1696 tantum
1585 1644 1621 1697 ut
1638 1640 1762 1714 possint
1776 1641 1832 1711 inji-

128 1749 194 1804 quae
205 1734 312 1786 terreat
324 1730 415 1802 ipsos,
428 1731 476 1786 sed
488 1729 656 1803 tranquille,
667 1729 784 1785 valeant
801 1730 872 1786 mibi
883 1731 948 1786 red·
1004 1746 1068 1785 cere
1080 1729 1157 1797 odia,
1174 1730 1251 1785 sama
1266 1728 1379 1785 diducit
1401 1729 1563 1801 quamdam
1586 1730 1735 1786 acerbam
1751 1745 1831 1795 asem,

130 1821 197 1876 dere
207 1819 347 1875 meditate
357 1818 486 1874 cuilibet.
499 1818 531 1873 ln
551 1835 609 1890 qua
629 1822 764 1874 statuunt
775 1819 907 1875 humatio
921 1825 949 1875 et
963 1853 988 1918 B
1005 1834 1068 1889 quac
1079 1819 1150 1874 dum
1167 1817 1453 1890 pipliatglieescente
1465 1816 1588 1890 genitali
1605 1817 1832 1874 caloreetblaa·

129 1912 309 1981 componunt
319 1907 448 1981 tristega.
460 1908 496 1963 at
508 1910 663 1979 postquam
674 1906 765 1963 solide
776 1908 963 1980 praefixerint
1006 1906 1085 1963 ditur
1095 1907 1219 1964 remissa
1232 1906 1287 1964 alis
1299 1907 1434 1963 subvenit
1452 1907 1561 1978 conjux
1581 1906 1717 1979 imparis
1731 1907 1833 1980 generis

127 1997 260 2054 labentes
276 1996 402 2069 plautas,
418 2000 482 2052 tum
494 1995 762 2068 diponuntdigeste
771 1997 953 2070 jurgiainter
1006 2013 1065 2051 non
1080 2000 1201 2052 naturae.
1218 1996 1279 2060 Quo
1295 2000 1429 2068 patrante
1449 1994 1508 2052 ales
1530 1995 1734 2068 praesenserit
1749 2013 1777 2051 se
1791 1995 1833 2051 ic-

127 2085 242 2144 animos
257 2102 421 2158 procerum,
437 2090 466 2140 et
480 2084 629 2140 affirmant
642 2101 673 2140 se
688 2100 752 2140 esse
769 2085 862 2142 socios
873 2089 952 2142 utro·
1006 2088 1066 2140 tam
1093 2084 1270 2155 insequitur,
1286 2085 1418 2156 gaudens
1433 2083 1595 2141 dissolvere
1605 2084 1719 2141 dotata
1736 2083 1835 2139 viscera

128 2191 194 2230 rum
205 2173 433 2243 adversantium,
449 2176 479 2227 et
493 2171 668 2243 plagiatores
684 2178 823 2229 accusant
837 2174 951 2230 aemulis
1007 2173 1119 2244 sponsi.
1136 2172 1182 2229 Sic
1197 2174 1286 2229 duces
1302 2177 1472 2229 crassantur
1487 2173 1516 2227 in
1532 2172 1669 2240 exuviis,
1688 2173 1836 2229 iubiantut

128 2261 249 2319 emulos
260 2262 376 2331 infidos,
390 2261 466 2332 quod
479 2261 648 2334 iungantur,
661 2261 686 2316 ei
698 2278 814 2333 quoque
826 2258 952 2335 perversi
1006 2267 1130 2334 surgant
1140 2261 1170 2316 in
1182 2261 1366 2328 alterutrum,
1376 2278 1411 2318 ne
1423 2278 1496 2317 vana
1506 2260 1600 2317 libido
1613 2261 1835 2335 impediaturad

128 2355 162 2407 ut
172 2350 241 2408 illis.
252 2351 385 2407 Semotos
397 2353 612 2422 arguuntlanto
622 2350 753 2422 crimine,
764 2353 954 2424 nepandatur
1006 2366 1092 2406 omne
1108 2351 1222 2406 lacinus
1234 2351 1311 2422 quod
1334 2351 1452 2424 appetit
1464 2351 1539 2406 Dum
1550 2350 1703 2422 impacati
1712 2350 1837 2406 custodes

128 2439 232 2511 iniqua
246 2439 393 2511 pharetra,
408 2444 437 2494 et
452 2455 487 2495 ne
503 2437 636 2495 mordeat
650 2455 829 2512 quemquam
841 2440 953 2497 inditia·
1006 2439 1128 2495 trahunt
1142 2439 1256 2495 diversa
1275 2440 1354 2495 exosi
1380 2439 1455 2496 inter
1480 2457 1523 2511 sc,
1549 2456 1605 2495 nec
1631 2439 1701 2495 bini
1718 2438 1838 2495 sentiunt

129 2533 226 2584 renter
249 2528 309 2584 lore
333 2528 492 2601 ingratum.
518 2528 632 2584 Accitus
656 2535 767 2585 canunt
781 2529 913 2601 perclues
925 2535 953 2585 et
1007 2544 1111 2592 unum,
1124 2544 1177 2583 nee
1188 2527 1297 2600 singuli
1309 2533 1432 2600 possunt
1443 2529 1582 2585 resistere
1596 2528 1734 2584 vittatim
1746 2544 1835 2601 proce·

130 2617 293 2689 perdurant
307 2616 475 2683 dissidium,
491 2617 682 2673 contestando
704 2619 795 2674 sacris
811 2635 847 2674 ne
862 2618 951 2674 simul
1006 2618 1401 2688 duntquocunquetantum
1421 2621 1466 2674 est
1489 2621 1650 2690 expectare
1679 2634 1747 2689 quse
1760 2617 1837 2672 actiat

132 2704 252 2760 redeant
262 2720 329 2760 cum
344 2703 417 2775 ipsis
427 2704 463 2758 ad
475 2703 644 2775 pristinum,
656 2706 748 2762 donec
758 2711 910 2762 versentur
921 2707 951 2763 in
1008 2722 1091 2761 urna.

130 2792 191 2849 imo
201 2796 230 2849 et
240 2792 296 2865 ipsi
307 2791 418 2849 indices
429 2807 487 2849 non
500 2796 722 2864 sequestrantur
742 2795 868 2852 nitentes
871 2837 950 2853 .......
1041 2793 1134 2849 Pudet
1144 2810 1323 2866 quemquam
1335 2795 1449 2851 vibrare
1460 2795 1560 2868 ipsum
1572 2795 1725 2868 spiritum
1736 2812 1787 2869 per
1796 2812 1837 2850 su·

131 2882 329 2939 basversutas
340 2896 425 2937 curas
436 2885 464 2937 et
483 2886 636 2950 susurret;
656 2882 764 2939 valebit
783 2883 808 2939 si
819 2884 879 2940 haec
890 2885 951 2941 lue·
1006 2899 1090 2955 peras
1105 2898 1203 2952 auras,
1219 2899 1341 2956 quaque
1365 2886 1485 2939 manent
1504 2882 1625 2955 ingrata
1650 2884 1761 2957 cuique
1774 2883 1837 2938 dum

129 2970 189 3026 rint
200 2971 315 3026 deserta
325 2970 443 3027 iniecta.
465 2970 527 3025 Non
548 2968 646 3026 lavant
659 2970 800 3038 insontes,
813 2989 886 3045 quos
899 2989 951 3029 nec
1006 2976 1122 3028 tenetur
1135 2971 1293 3028 auferenda
1304 2970 1416 3028 felicior
1427 2973 1491 3043 jam
1503 2971 1656 3045 proditus,
1669 2973 1724 3046 qui
1736 2974 1837 3028 immn-

129 3075 255 3116 censura
266 3059 377 3132 fatigat.
390 3059 465 3115 Tum
477 3059 629 3115 Brouchus
641 3061 785 3131 premitur
797 3061 915 3118 horrore
924 3066 952 3118 et
1006 3062 1052 3117 nis
1066 3064 1207 3117 extasset.
1223 3060 1297 3115 Hinc
1320 3059 1369 3115 alii
1391 3059 1489 3122 exules
1511 3061 1680 3134 repudiant
1694 3063 1779 3118 basia
1792 3075 1837 3115 neo

25 3212 28 3217 y
127 3165 183 3205 vox
203 3163 312 3221 urgens
335 3147 438 3203 fulcire
463 3147 557 3203 edicta
581 3147 679 3220 politis
704 3149 859 3223 prestigiis
874 3149 951 3206 exilii
1006 3153 1143 3205 verentur
1158 3149 1292 3205 frustrari
1308 3155 1402 3206 natos.
1427 3151 1461 3205 Et
1484 3148 1533 3205 alii
1558 3149 1689 3222 quidem
1705 3149 1838 3222 perstrin-

128 3237 225 3296 evadit
235 3237 360 3294 adaulas
371 3236 952 3312 stridentibuspostibusetlividispupil·
967 3219 989 3287 C
1008 3242 1082 3312 gunt
1092 3237 1188 3294 lurida
1197 3237 1311 3294 viscera
1321 3237 1519 3310 pascbemate.
1532 3237 1568 3293 ut
1578 3239 1776 3295 suntinertes
1784 3253 1839 3309 spe·

128 3327 176 3385 lis.
193 3326 244 3382 llic
260 3330 389 3383 assertor
402 3325 462 3381 veri
489 3329 608 3381 notatur
633 3326 735 3383 rabido
759 3327 906 3400 stigmate,
922 3333 956 3383 ut
1009 3330 1123 3385 etentes
1139 3328 1249 3383 nodum
1270 3326 1430 3400 pyramidis
1446 3331 1476 3382 et
1489 3326 1608 3399 speleon
1627 3328 1735 3401 yconie
1749 3326 1838 3384 vella·

129 3417 228 3490 prada
240 3415 415 3488 quantocius
427 3414 628 3486 discerpenda.
644 3417 793 3482 Quomodo
809 3433 876 3472 cum
893 3433 955 3473 m-a·
1010 3434 1101 3473 cunc.
1119 3417 1153 3472 Et
1168 3419 1282 3472 restani
1297 3417 1405 3488 quibus
1421 3416 1574 3471 l'raudatur
1588 3421 1736 3488 aspectus
1751 3421 1839 3488 tyran·

131 3504 257 3576 strugati
272 3503 372 3560 Pharti
397 3503 547 3559 intentant
570 3504 766 3576 Tragclapbos
786 3505 913 3577 Scorpus
929 3510 957 3562 et
1011 3505 1057 3562 nis
1076 3505 1121 3561 vel
1149 3521 1223 3577 quos
1248 3504 1400 3575 precisum
1427 3520 1533 3561 nomen
1558 3506 1708 3577 parentis,
1731 3506 1840 3560 videtur

134 3592 258 3666 praevius
270 3592 408 3664 gradiens
417 3592 665 3662 captaveritauras
675 3591 756 3659 lethi,
767 3596 830 3648 tum
842 3611 873 3649 ee
884 3595 957 3651 duce
1011 3609 1126 3650 servare
1140 3592 1286 3665 impubes.

135 3683 336 3752 contorquens
352 3679 471 3753 agmina
491 3680 635 3752 pecudum
649 3680 731 3753 sugat
742 3697 794 3753 per
817 3697 894 3750 aera,
910 3684 957 3739 cui
1047 3679 1120 3736 Aliis
1131 3682 1273 3737 adimitur
1280 3681 1583 3754 parsqussxperieus
1592 3683 1840 3757 bajulatquatuor

133 3767 958 3842 imputetquisquearcitenens,quodnonl'uissentomnes
1012 3786 1118 3826 sensus
1133 3775 1161 3826 et
1176 3771 1291 3828 revulsa
1309 3772 1467 3844 compescit
1481 3771 1585 3827 alium.

133 3857 293 3932 prostrati;
311 3873 400 3931 quem
415 3858 503 3914 etiam
519 3857 614 3914 solum
640 3859 805 3932 imprecans
821 3860 958 3934 blasphe-
1047 3857 1105 3914 Nec
1120 3859 1162 3914 sic
1176 3859 1245 3915 odie
1260 3863 1399 3931 premunt
1422 3859 1527 3931 sopita,
1553 3860 1604 3915 sed
1620 3866 1841 3934 persequuntur

133 3953 204 4017 met,
218 3951 247 4003 et
258 3946 361 4020 fatigat
371 3963 564 4017 compescere.
578 3947 625 4004 Sic
636 3949 686 4020 qui
697 3949 774 4005 valet
784 3965 959 4023 cognoscere
1013 3947 1155 4020 quidquid
1174 3952 1265 4005 restat
1277 3949 1313 4004 de
1334 3948 1478 4020 germine,
1491 3948 1541 4004 sed
1555 3948 1724 4006 furibunda
1741 3950 1840 4023 cupido

80 4068 82 4070 -
133 4034 252 4092 fraudes
263 4036 372 4091 ducum
384 4035 409 4090 si
419 4035 571 4107 protulerit
580 4037 608 4092 in
621 4036 760 4092 medium.
771 4041 807 4092 At
815 4055 960 4095 consonos
1013 4036 1083 4090 dum
1092 4035 1349 4102 fruitureontibus,
1358 4051 1463 4108 nequae
1476 4037 1565 4092 donat
1575 4037 1841 4109 excipiendumne-

134 4125 255 4181 mendat
270 4122 371 4179 calare
382 4125 512 4181 coruscis
530 4125 633 4197 plastis
644 4130 672 4183 et
693 4127 955 4199 trequenteradvo-
1015 4124 1184 4181 laeelircna
1195 4125 1276 4181 sevit
1287 4126 1314 4180 in
1328 4127 1486 4196 abruptum
1507 4141 1558 4197 per
1578 4125 1665 4197 ipsos
1676 4127 1796 4199 probos.
1812 4126 1842 4181 llt

133 4219 200 4270 cant
210 4212 351 4269 martisus
363 4217 391 4268 et
402 4213 432 4268 in
443 4213 536 4270 tristis
546 4218 574 4269 et
593 4214 756 4283 emistibus,
769 4221 801 4271 ut
811 4216 957 4273 resolvant
1016 4218 1172 4285 postquam
1190 4213 1319 4287 insignes
1334 4214 1422 4269 diruti
1434 4213 1607 4285 compendio
1625 4215 1759 4271 traenant
1769 4214 1843 4271 hiare

135 4318 199 4359 sese
210 4301 326 4357 condito
339 4302 410 4357 dum
428 4306 498 4358 sunt
509 4302 618 4375 quibus
638 4309 666 4358 et
677 4304 836 4360 borridulis
848 4306 957 4362 offatim
1014 4318 1115 4358 eorum
1128 4302 1272 4359 derisores
1284 4302 1842 4375 implicanturtaediis.thuiquondam

135 4391 257 4464 insuper
271 4391 392 4447 student
405 4389 568 4447 discludere
591 4393 627 4447 de
647 4408 749 4448 cruore
753 4434 959 4450 .........
1016 4392 1223 4447 abdicaverunt
1234 4392 1313 4464 ipsos
1324 4390 1406 4447 irrita
1417 4391 1473 4447 fide
1483 4395 1544 4447 tum
1556 4392 1843 4462 quaeruntseductas

135 4484 259 4552 auique
271 4478 441 4552 relinquunt
453 4496 526 4551 quos
538 4480 730 4552 pessundant.
740 4480 961 4538 Ministrantbis
1016 4481 1132 4535 dextras
1143 4482 1206 4552 jam
1221 4479 1311 4536 nullis
1326 4479 1442 4552 praediis
1461 4479 1507 4536 vel
1532 4479 1729 4537 facultatibus
1745 4482 1842 4537 dotan-

136 4569 418 4640 proveetumdoneo.
431 4569 487 4625 Sed
508 4569 544 4625 de
564 4568 688 4626 aliorum
705 4570 832 4641 jactura.
845 4572 959 4644 Exqui-
976 4587 1000 4652 D
1017 4569 1161 4639 das,quas
1181 4568 1320 4640 jucunde
1345 4568 1428 4641 prius
1452 4566 1673 4624 committerent
1698 4569 1843 4642 predictis

137 4656 191 4713 bus
202 4658 370 4714 suntetiem
382 4658 513 4729 quidam,
526 4658 656 4730 quidum
665 4658 805 4713 famulant
815 4659 960 4716 loctunam
1016 4655 1142 4711 dominis
1157 4657 1182 4711 si
1204 4661 1371 4712 servassent
1395 4656 1490 4728 prime
1512 4656 1632 4713 soedera.
1663 4660 1701 4712 Et
1726 4660 1754 4714 si
1769 4659 1843 4730 origo

136 4742 261 4801 aliorum
273 4746 328 4802 sibi
342 4747 491 4818 indeptam
505 4747 629 4821 fatigent
641 4764 691 4804 eos
706 4764 821 4803 cassare
832 4747 878 4804 bis
889 4766 960 4820 pre·
1016 4743 1170 4816 protulerit
1184 4744 1238 4800 hos
1252 4761 1378 4818 eugenos
1395 4745 1494 4800 niortii
1510 4745 1643 4801 continui
1660 4754 1788 4820 parcant
1799 4764 1843 4803 nc·

135 4832 231 4907 stigiis
247 4834 403 4890 ostendant
413 4835 516 4892 inlices
527 4835 634 4903 luctus,
651 4841 680 4892 et
693 4835 869 4908 depromunt
884 4837 961 4908 quud
1017 4832 1126 4904 quitiae.
1142 4834 1210 4889 Post
1225 4840 1332 4907 cogunt
1348 4852 1378 4891 se
1393 4834 1434 4890 ire
1451 4833 1608 4907 naufragos
1622 4835 1705 4891 abiis
1722 4836 1845 4909 pedibus

134 4922 296 4995 Principes,
309 4923 358 4995 qui
370 4928 511 4980 auxerant
521 4925 600 4995 ipsos
612 4923 961 4982 fixissentillisaerumuas
1016 4926 1044 4977 et
1059 4928 1219 4978 causantur
1233 4922 1374 4993 dediticii,
1392 4927 1423 4978 ut
1436 4922 1480 4979 vel
1495 4921 1580 4978 inviti
1595 4924 1763 4996 suppleant
1773 4925 1845 4998 quod

136 5028 210 5085 quos
221 5016 251 5068 et
261 5012 389 5085 produnt
400 5012 523 5084 dignum
535 5013 681 5079 deludere,
695 5018 723 5069 et
734 5014 886 5086 repulsant
897 5014 961 5070 vin·
1016 5010 1235 5083 spoponderant
1250 5011 1381 5067 loenerati
1397 5012 1552 5067 munerati.
1579 5011 1694 5068 Arbitri
1710 5015 1764 5087 qui
1780 5014 1845 5071 deli·

136 5101 234 5158 dicare
244 5101 317 5171 haec,
329 5105 357 5157 et
369 5099 520 5157 disserunt
535 5102 674 5158 validum.
687 5103 732 5158 llli
744 5103 815 5157 dum
828 5102 962 5158 nituntur
1017 5100 1147 5172 gantur?
1162 5117 1235 5172 quos
1251 5117 1303 5157 uec
1315 5101 1401 5172 juvat
1420 5101 1526 5157 referre
1541 5103 1687 5172 spectata,
1704 5105 1847 5175 nccjuvat

136 5188 191 5247 boo
207 5197 374 5264 perpetrare
389 5189 547 5260 exquirunt
563 5190 665 5247 modos
682 5190 790 5263 potius,
806 5181 961 5246 utdictant
1015 5194 1146 5262 spectare
1162 5189 1272 5245 inserta
1290 5189 1413 5244 vetustis
1438 5188 1538 5246 tomis.
1564 5189 1721 5247 intentant
1736 5191 1846 5248 beriles

136 5278 210 5335 tales
222 5279 390 5353 ampbiiari,
402 5279 453 5352 qui
469 5279 494 5336 si
511 5284 660 5351 aspectent
671 5281 734 5351 jam
750 5284 867 5335 nactum
883 5281 960 5336 unde
1016 5283 1106 5334 nutus
1122 5278 1256 5335 inductos
1269 5284 1297 5334 et
1308 5278 1351 5334 sic
1362 5277 1616 5349 concinnantjura
1626 5277 1744 5336 inlecta
1755 5281 1845 5337 numi·

136 5366 249 5422 valeant
262 5367 366 5423 elidere
377 5368 957 5441 duces,tuncquaeruntindeproventum.
1015 5374 1118 5436 emate,
1135 5373 1169 5422 nt
1185 5372 1326 5440 exequuta
1340 5367 1408 5422 lanx
1419 5367 1542 5437 justitiis
1559 5366 1714 5424 neminem
1727 5370 1844 5426 trutinet

137 5453 187 5509 Sin
204 5460 317 5525 poliunt
332 5472 396 5512 sese
412 5462 513 5514 cautos
529 5458 637 5530 quibus
653 5460 683 5511 et
701 5462 849 5528 exponunt
863 5457 959 5514 socios
1014 5456 1114 5512 laceto.
1130 5456 1187 5512 Nec
1204 5456 1342 5512 omnibus
1356 5455 1505 5511 indicetur
1530 5454 1668 5528 diligant,
1695 5456 1841 5515 indemnia

136 5546 166 5597 et
180 5544 329 5599 reson-unt
345 5546 506 5601 machinas.
521 5547 554 5602 Et
565 5546 668 5601 docent
689 5543 816 5616 primum
829 5562 859 5601 se
875 5562 958 5602 voca·
1013 5546 1087 5602 cxiet
1102 5545 1174 5617 ipse,
1190 5548 1219 5600 ct
1243 5543 1377 5616 quamvis
1392 5552 1512 5601 excuset
1527 5560 1614 5616 quem
1631 5545 1787 5617 exodiunt,
1801 5533 1842 5601 vel

137 5631 329 5690 tosinbisab
349 5634 416 5690 aliis
436 5639 465 5692 et
484 5652 551 5693 mox
571 5635 724 5709 refugiisse
744 5633 840 5691 adeos
853 5639 959 5708 utpro-
1010 5637 1159 5692 tenentem
1174 5634 1325 5691 fortunam
1349 5633 1522 5696 succumbet
1545 5638 1598 5691 eut
1620 5632 1737 5694 tractus
1753 5636 1783 5695 vi
1796 5637 1843 5695 aut
