3908 6096
133 321 193 389 3113
496 332 505 341 ’
931 319 1039 387 vira.
1149 336 1151 341 ’
1774 323 1834 388 eet

167 461 211 516 19.
226 459 292 516 lieo
306 463 335 516 et
348 458 396 516 bis
408 457 518 516 similia
528 459 656 516 domnus
666 459 773 529 Brona,
789 457 953 523 virbonus,
967 456 996 524 Α
1011 474 1085 531 quos
1100 459 1175 517 lidos
1189 459 1301 529 babuit,
1318 458 1483 518 consultam
1498 458 1630 532 partibus
1641 457 1710 531 illis,
1730 457 1835 516 teatino

131 549 247 606 dicendi
279 549 402 622 peritus,
426 549 462 604 de
493 548 588 605 salute
620 547 810 621 pulcherrimi
837 546 954 618 juvenis
1009 549 1155 621 proticisci
1170 550 1340 623 disposuit;
1357 550 1476 607 fratrem
1488 565 1576 606 suum
1587 553 1751 605 Brunonsm
1762 548 1835 606 occi·

130 638 214 694 valde
243 637 386 694 sollicitus
409 638 574 710 perorabat.
601 637 651 692 llla
666 652 744 704 vero,
770 637 855 708 quasi
870 637 955 706 cujus
1010 638 1089 693 denti
1114 642 1240 695 tutorem
1261 644 1291 695 et
1314 639 1504 713 provisorem,
1528 641 1568 705 et,
1592 640 1626 692 ut
1646 635 1833 705 dicadiosm,

132 732 262 784 mentem
275 726 390 783 drinnis
402 727 435 762 ⁸⁴⁷
446 727 482 783 ad
495 731 621 799 coeptum
631 727 665 761 ³⁸⁸
676 725 758 782 nolas
773 725 955 797 instigasset,
1011 726 1207 796 archiducem,
1223 727 1253 782 in
1268 731 1329 783 tam
1345 726 1507 800 periculoso
1523 730 1654 798 tempore
1668 723 1769 791 misit;
1785 723 1833 780 oui

131 832 232 872 aurem
261 816 356 871 cordis
387 816 433 871 sui
458 815 630 887 neutiquam
655 831 761 887 passus
784 818 828 870 est
850 813 955 884 bujue-
1010 812 1834 886 taliamandatadedit:«Unumnossemperidemque

132 905 212 960 modi
229 904 349 960 monitis
365 904 532 972 admoveri;
558 904 606 959 vix
629 904 730 959 auditu
752 903 957 972 exteriorque
1010 903 1149 975 sensisse,
1173 920 1227 959 neo
1252 921 1382 978 unquam
1407 909 1475 961 vota
1498 903 1641 960 nostruin
1657 916 1834 974 quocunque

131 993 279 1048 videratur
300 993 390 1048 nimis
414 992 555 1059 insolens,
581 993 796 1066 propinquavit.
814 991 957 1048 Innocens
1010 992 1127 1064 negotio
1156 992 1350 1065 discrepasse,
1377 994 1434 1050 dici
1462 1009 1521 1049 non
1545 996 1652 1065 potest,
1682 990 1833 1046 iraterdi-

132 1081 954 1154 enimebbujusdissensionismiseriavideriquameese,
1010 1080 1179 1152 lectissime,
1209 1086 1353 1153 quantum
1382 1082 1533 1149 delectum
1554 1086 1583 1137 et
1608 1081 1664 1136 hoc
1691 1079 1832 1152 estquod

131 1171 274 1228 honestus
302 1171 394 1227 duxit.
425 1171 515 1228 Movit
542 1172 606 1242 ejus
635 1171 795 1242 juvenilem
823 1169 955 1225 animum
1009 1169 1040 1224 in
1056 1168 1168 1225 acerbis
1185 1170 1258 1226 meis
1286 1171 1320 1206 ⁸⁸⁹
1348 1187 1395 1227 me
1420 1171 1546 1228 maxime
1569 1169 1831 1234 consulatur‚cum

133 1260 263 1317 anxietas
277 1265 306 1316 et
321 1266 419 1317 motus
434 1259 721 1334 elegantissimorum
736 1260 888 1325 comitum,
904 1256 955 1330 qui
1008 1258 1091 1315 video
1104 1276 1155 1331 per
1180 1258 1230 1315 Dei
1254 1259 1465 1332 omnipotentis
1480 1260 1604 1333 gratiam
1622 1264 1722 1316 nostro
1736 1257 1831 1330 impe·

132 1349 286 1405 nisiillius
310 1349 406 1423 impie
422 1349 632 1422 conjurationis
647 1350 714 1406 tabo
737 1349 773 1384 ⁸⁸⁹
796 1351 895 1404 esseut
908 1346 954 1401 iu·
1009 1349 1051 1404 rio
1080 1347 1176 1420 regale
1205 1348 1400 1405 sacerdotium
1423 1352 1593 1415 accessisse,
1614 1351 1832 1420 intenamque

132 1438 766 1510 iecti,ornatusetjucunditasesespossent
780 1436 814 1474 ³⁸⁰
828 1436 954 1508 impera·
1008 1440 1037 1492 et
1063 1437 1250 1493 sacerdotalis
1273 1437 1374 1511 religio
1403 1442 1432 1495 et
1456 1439 1536 1512 regia
1563 1437 1651 1511 pollet
1679 1438 1829 1508 fortitudo,

131 1528 214 1584 toriae
233 1527 378 1602 dignitati.
403 1528 487 1584 Tunc
510 1528 612 1600 utique
635 1532 696 1583 tam
718 1524 955 1593 desiderabilem,
1009 1526 1243 1583 utetsciassua
1270 1526 1374 1598 cuique
1397 1528 1537 1596 tribuere,
1566 1527 1644 1599 quod
1673 1530 1717 1583 est
1741 1525 1830 1598 justi·
1879 1552 1882 1556 ·

131 1621 193 1672 tam
228 1634 318 1673 mauu
352 1617 466 1684 sortem,
498 1621 559 1673 tam
583 1617 730 1690 egregiam
754 1617 818 1686 ejus
842 1612 954 1687 prolem
1007 1615 1065 1681 tia,
1095 1619 1125 1671 et
1152 1615 1248 1687 possis
1276 1616 1506 1672 adversariorum
1544 1616 1604 1673 sive
1638 1616 1741 1672 terrori
1769 1614 1832 1671 sive

133 1702 249 1759 deceret
271 1703 326 1760 hoa
353 1703 470 1777 agmine
498 1704 612 1775 stipari,
628 1704 664 1759 de
678 1704 733 1759 bac
748 1702 953 1772 delectajuve-
1008 1703 1105 1760 fraudi
1134 1705 1280 1772 resistere,
1310 1705 1387 1777 quod
1417 1708 1463 1760 est
1491 1704 1672 1760 fortitudinis
1699 1695 1831 1774 etjust'i-

132 1807 204 1846 num
229 1791 400 1848 excellentia
427 1791 556 1864 gloriari.
588 1793 656 1847 Erat
684 1809 740 1864 prae
770 1790 909 1847 omnibus
923 1790 1056 1883 inBtia
1067 1794 1112 1848 ⁸⁶⁰.
1132 1793 1190 1849 Neo
1205 1794 1308 1849 abesse
1322 1793 1376 1848 tibi
1385 1793 1563 1865 jamdudum
1580 1792 1718 1865 perpendi
1734 1793 1830 1863 ipsam

132 1880 197 1951 ejus
210 1880 307 1936 animo
323 1879 408 1953 quasi
422 1881 544 1952 quidam
559 1880 699 1936 stimulus
714 1880 772 1935 dux
787 1878 872 1951 paulo
887 1883 956 1935 anto
1009 1882 1203 1955 ingenuarum
1218 1883 1325 1938 artium
1335 1883 1369 1919 ⁸⁶¹
1386 1887 1510 1938 matrem
1525 1885 1554 1937 et
1567 1897 1633 1937 vers
1647 1880 1785 1936 virtutem
1796 1879 1831 1915 “²

131 1967 321 2040 fortissimus,
337 1972 408 2024 tuuc
423 1973 522 2024 autem
537 1969 634 2039 predo
650 1968 954 2034 audacissimus,Guo·
1009 1972 1384 2045 philosophia,quateao
1409 1972 1485 2028 banc
1515 1970 1688 2027 modestiam
1716 1968 1832 2040 magni-

132 2073 169 2112 no
184 2076 191 2125 3
207 2056 298 2113 etiam
314 2061 407 2129 parta,
424 2062 456 2113 ut
476 2057 533 2129 ipsi
557 2057 719 2129 jactabant,
736 2057 902 2113 divitiarum
926 2061 956 2112 et
1009 2061 1203 2133 tudinsmque
1214 2059 1305 2116 animi
1320 2061 1454 2117 erudivit.
1469 2061 1534 2117 Scio
1548 2060 1657 2131 itaqua,
1673 2059 1761 2115 irater
1775 2057 1833 2113 mi·

131 2147 213 2218 regni
241 2144 343 2219 gloria,
373 2146 424 2201 ssd
453 2145 650 2202 reveralabor
677 2145 786 2202 sterilis
805 2150 955 2218 protran·
1009 2149 1081 2218 scio,
1096 2150 1174 2221 quod
1191 2165 1276 2205 nemo
1305 2149 1465 2221 prudentia
1493 2153 1552 2205 tuae
1580 2146 1778 2221 persuadebit,
1800 2144 1831 2203 id

132 2234 276 2307 quilitate,
294 2234 464 2291 sollicitudo
480 2250 596 2307 semper
613 2235 699 2291 auxia
720 2252 772 2308 pro
787 2236 953 2292 securitate.
1008 2242 1060 2293 tua
1088 2255 1146 2294 uon
1174 2237 1327 2305 interesse,
1349 2241 1493 2310 quantum
1521 2236 1649 2309 perversi
1673 2236 1710 2291 de
1738 2235 1832 2291 bono·

131 2327 194 2379 Nan
209 2324 235 2380 is
250 2323 308 2392 cui,
325 2328 358 2379 ut
373 2324 414 2379 ita
428 2323 534 2390 dicam,
549 2324 649 2379 omnia
662 2328 745 2379 erant
760 2324 789 2379 iu
805 2325 954 2392 manibus,
1008 2343 1075 2383 rum
1104 2326 1226 2398 pernitie
1251 2325 1424 2400 glorientur,
1453 2340 1625 2399 quacunque
1646 2322 1830 2395 idquodin-

132 2413 244 2485 agendo
260 2417 294 2469 ut
322 2413 389 2486 plus
405 2412 536 2479 baberet,
566 2417 598 2468 ut
623 2411 696 2468 nibil
722 2413 842 2469 haberet
859 2414 954 2470 omui·
1009 2415 1156 2471 tenderint
1181 2415 1334 2471 honestate
1362 2415 1517 2472 verborum
1532 2413 1629 2469 velent
1655 2413 1700 2467 ⁸⁶⁸.
1729 2412 1832 2468 Dicent

130 2501 226 2557 modis
253 2501 423 2558 effecerunt.
443 2502 556 2558 Interea
573 2505 671 2556 tamen
694 2502 789 2558 modis
804 2503 953 2571 omnibus,
1010 2505 1143 2571 fortasse,
1160 2503 1245 2560 bellis
1259 2503 1320 2559 hac
1335 2504 1466 2560 sedanda
1489 2519 1564 2574 esse,
1580 2518 1643 2574 qua
1670 2502 1706 2558 ad
1721 2504 1751 2558 te
1772 2516 1830 2557 noa

132 2605 185 2645 nec
207 2588 282 2647 dolis
305 2591 405 2646 minus
430 2607 519 2663 quem
544 2589 656 2646 viribus
671 2594 791 2659 certare,
803 2607 898 2662 neque
919 2592 953 2628 ³⁸¹
1009 2593 1184 2665 pertineant,
1218 2609 1283 2664 quas
1311 2592 1354 2648 tui
1386 2591 1542 2648 ministerii
1570 2589 1742 2663 dignitatem
1772 2604 1831 2645 non

133 2678 196 2734 dies
212 2694 321 2750 neque·
334 2684 434 2735 noctes
448 2678 640 2750 requiescere,
670 2680 851 2736 adversarios
878 2680 955 2737 iuter
1008 2682 1139 2738 deceant.
1156 2681 1330 2754 liujusmodi
1346 2680 1531 2737 fraudulenta
1549 2679 1704 2736 verborum
1715 2679 1831 2749 jactuu-

133 2784 165 2824 se
192 2768 227 2802 ³⁸²
255 2771 408 2840 suspectos
436 2768 540 2836 iacere,
566 2766 640 2823 nihil
665 2766 842 2824 intentatum
866 2767 953 2825 reliu·
1009 2771 1052 2826 tia
1065 2770 1152 2826 istius
1167 2768 1338 2843 metropolis
1353 2768 1459 2842 presul
1484 2770 1587 2841 (1936),
1614 2769 1706 2836 vides,
1735 2782 1832 2840 quan·

135 2871 223 2928 quere
249 2873 343 2929 aequa
369 2856 531 2927 quidquam
556 2856 638 2929 pensi
666 2855 772 2912 habere
793 2857 954 2915 dummodo
1009 2863 1055 2914 tos
1078 2858 1196 2914 seduxit
1216 2860 1261 2925 ³⁶⁸,
1291 2862 1418 2928 quantos
1444 2857 1480 2913 ad
1496 2856 1588 2912 civilis
1613 2854 1831 2912 cladisrabiem

131 2945 160 3000 id
176 2945 334 3015 allicerent,
348 2949 382 2999 ut
408 2945 546 3001 maximis
570 2945 649 3000 intra
676 2961 799 3017 reguum
819 2946 953 3018 urbibus,
1008 2946 1117 3014 illexit;
1144 2947 1194 3018 qui
1221 2946 1246 3001 ei
1273 2946 1437 3001 subducere
1452 2961 1483 3000 se
1505 2944 1591 3001 vellet
1605 2961 1622 2999 a
1636 2942 1830 3011 dissensione,

131 3038 160 3088 st
176 3033 224 3089 his
238 3032 484 3105 opulentissimis,
504 3049 681 3105 quocunque
694 3033 812 3106 ingenio
826 3035 954 3106 potiren·
1009 3035 1257 3108 quemadmodum
1282 3033 1385 3106 lingit,
1409 3037 1438 3089 et
1461 3033 1605 3090 bellorum
1630 3031 1770 3105 periculo,
1799 3034 1833 3088 ut

129 3125 180 3177 tur
203 3121 271 3177 iude
296 3123 410 3177 eunctis
439 3121 518 3194 regni
548 3121 658 3178 tinibus
691 3121 774 3178 facile
801 3139 833 3179 se
860 3123 952 3195 impe·
1009 3123 1144 3197 religioso
1177 3125 1280 3196 degere
1312 3125 1412 3196 posset
1433 3121 1463 3178 iu
1496 3122 1565 3192 otio,
1595 3121 1679 3178 nobis
1703 3121 1831 3193 proiecto

131 3214 248 3266 raturos
276 3210 311 3246 ³⁸³
339 3210 526 3267 arbitrantes.
552 3211 592 3266 Ac
611 3227 647 3265 ae
670 3211 740 3283 quid
757 3184 990 3282 penituusinec
1009 3218 1038 3269 et
1074 3217 1174 3269 nostro
1199 3211 1365 3284 reipublice
1390 3210 1496 3268 melius
1519 3211 1560 3279 id,
1590 3210 1665 3280 quod
1692 3208 1718 3265 ei
1742 3208 1832 3281 regali

130 3297 232 3353 fraude
246 3298 337 3366 tieret,
351 3313 418 3352 cum
432 3297 571 3365 Arnoldo,
584 3301 703 3353 strenuo
719 3297 866 3370 imprimis
881 3300 954 3368 viro,
1009 3301 1210 3358 munificentia
1225 3300 1416 3367 contulimus,
1440 3300 1618 3357 reddidisset
1633 3315 1721 3373 quam
1738 3298 1833 3355 bosti-

130 3386 176 3442 cui
197 3402 315 3442 summa
338 3402 436 3442 rerum
460 3402 514 3459 per
537 3386 617 3442 idem
641 3390 758 3458 tempus
779 3388 808 3443 in
829 3388 954 3445 Bauwa·
1008 3390 1075 3447 bus.
1100 3390 1204 3446 Hostes
1228 3390 1304 3456 dico,
1328 3394 1362 3445 ut
1384 3389 1443 3446 lere
1468 3405 1570 3446 omues
1592 3388 1735 3457 sentiunt,
1751 3386 1832 3444 nesa-

130 3474 240 3530 viorum
269 3479 347 3529 terra
361 3474 454 3545 (1935)
483 3474 643 3531 commissa
670 3474 735 3542 luit,
765 3477 955 3533 secretius⁸⁸⁸
1009 3478 1068 3535 rios
1100 3478 1208 3534 civium
1235 3478 1398 3550 predones,
1425 3478 1524 3550 patrie
1549 3477 1722 3549 proditores,
1752 3473 1833 3547 regni

127 3562 392 3635 pollicitationibus
408 3563 541 3633 infinitis,
558 3564 815 3620 commemorando
834 3563 955 3636 insuper
1006 3571 1178 3636 vastatores,
1208 3566 1320 3622 militia
1336 3567 1498 3623 desertores
1526 3566 1570 3634 ³⁸⁸,
1595 3565 1645 3637 qui
1659 3580 1707 3621 me
1734 3563 1833 3636 ipsum

129 3652 337 3719 odiumvetus,
353 3655 485 3725 egerunt,
506 3657 541 3708 ut
569 3651 756 3724 seprimum,
787 3653 893 3710 deinde
919 3654 953 3691 ³⁸⁸
1007 3656 1110 3729 utique
1137 3654 1283 3728 sacrilega
1309 3655 1431 3712 audacia
1457 3655 1539 3721 suis,
1569 3653 1666 3721 oredo,
1696 3652 1834 3709 manibus

131 3741 234 3796 urbem
258 3739 439 3811 preclaram,
456 3745 605 3812 postremo
619 3745 715 3797 totum
741 3741 813 3797 illud
829 3758 952 3815 regnum
1008 3748 1154 3813 necatum,
1184 3747 1235 3800 aut
1261 3743 1365 3815 quovis
1393 3759 1484 3815 quam
1513 3742 1702 3800 acerbissimo
1730 3740 1835 3797 mortis

127 3827 262 3884 Heinrioo
290 3828 358 3884 duci
387 3830 525 3901 perjurus
550 3829 710 3885 abdicaret.
742 3830 869 3886 Tantum
896 3832 952 3888 sibi
1007 3848 1112 3904 genere
1140 3831 1251 3903 perisse
1278 3830 1407 3899 vellent3
1438 3831 1485 3887 cui
1514 3830 1608 3886 tilium
1637 3827 1835 3899 sustulerunt,

53 3938 57 3945 ·
129 3916 243 3973 ruboris
271 3917 344 3972 inter
377 3932 426 3972 eos
460 3916 571 3972 invidia
598 3921 626 3973 et
654 3917 754 3973 odium
784 3918 951 3976 vindicavit.
1006 3923 1127 3976 fratrem
1153 3920 1187 3955 ³⁰⁰
1213 3934 1315 3992 reguo,
1340 3918 1452 3986 liberis,
1468 3917 1683 3990 ipsaqueduici
1699 3917 1834 3988 conjuge,

127 4004 223 4061 Simul
239 4004 364 4078 Ungros,
380 4004 532 4077 antiquam
560 4009 672 4077 pestem
689 4006 799 4078 patriae,
816 4005 953 4065 sollicita·
1005 4008 1066 4064 vita
1079 4008 1206 4080 danique
1216 4008 1281 4080 ipsa
1294 4007 1408 4080 privare
1417 4006 1656 4064 contendunt'l'u
1666 4004 1748 4062 solus
1758 4003 1833 4061 mibi

126 4093 207 4164 baut,
234 4097 270 4149 ut
291 4109 416 4166 regnum
439 4094 471 4148 in
501 4110 533 4150 se
548 4094 646 4165 ipsum
676 4092 803 4150 divisum
832 4095 951 4152 invade·
1006 4097 1125 4153 demum
1141 4113 1173 4153 es
1189 4096 1329 4164 solidum,
1354 4094 1447 4151 lidum
1473 4096 1653 4168 firmumque
1681 4093 1832 4159 solatium,

131 4182 479 4252 rsnt3arbitrantes,hoc
489 4181 576 4238 modo
592 4182 648 4238 sibi
659 4183 694 4218 ³⁵⁶
710 4182 950 4252 sollicitudinem,
1005 4186 1056 4258 qui
1080 4189 1196 4242 tantum
1225 4184 1262 4241 ab
1285 4185 1405 4240 ineunte
1421 4181 1778 4241 atateinbonisaotibus
1800 4166 1836 4222 ⁸⁸⁴
1913 4249 1914 4252 Ἴ

127 4271 468 4343 quaprsmebautur,aut
478 4270 593 4343 penitus
603 4271 692 4327 adimi
703 4271 952 4345 autaliquatenus
1005 4274 1164 4348 proiecisti,
1180 4278 1213 4329 ut
1228 4273 1402 4330 benefacere
1417 4288 1593 4345 summaque
1603 4271 1754 4344 diligentia
1768 4285 1833 4326 om·

127 4359 220 4416 minui
237 4375 334 4431 posse.
1004 4363 1055 4419 nia
1068 4363 1296 4435 circumspicere
1312 4362 1365 4418 tibi
1378 4363 1442 4434 jam
1458 4378 1493 4418 ex
1506 4359 1718 4418 consuetudins
1733 4359 1764 4414 in
1779 4375 1831 4415 na·

160 4449 205 4502 20.
222 4451 282 4503 Hac
297 4447 333 4504 de
347 4465 389 4514 re,
405 4452 438 4503 ut
452 4453 524 4521 pute
538 4448 571 4484 ³⁵⁷
584 4452 646 4505 tam
670 4448 769 4505 subita
784 4452 813 4504 et
841 4450 950 4522 impro·
1003 4455 1102 4509 turam
1116 4451 1228 4508 venerit
1242 4451 1287 4508 ³⁶⁸.
1303 4450 1344 4507 Te
1359 4449 1445 4524 plane
1474 4449 1586 4523 sospita
1613 4448 1638 4505 si
1658 4447 1790 4519 jucunde
1805 4453 1834 4504 et

123 4536 199 4605 visa,
216 4541 383 4592 eommotue
406 4536 577 4610 imperator,
604 4541 633 4593 et
647 4537 742 4610 magis
756 4537 874 4594 illorum
901 4539 956 4594 mi.
971 4545 996 4613 Ι)
1011 4556 1046 4597 ex
1070 4544 1182 4613 integro
1205 4540 1314 4596 fruitus
1342 4539 1435 4608 tuero,
1461 4543 1493 4594 ut
1515 4554 1598 4593 mens
1622 4552 1688 4592 mea
1716 4550 1833 4607 semper

125 4623 207 4680 serie
233 4639 322 4696 quam
352 4641 406 4681 suo
422 4625 530 4681 damno
554 4625 667 4697 dolens,
694 4624 878 4683 obsidionem
894 4627 954 4684 Ma·
1008 4631 1132 4704 lisgitat,
1160 4628 1337 4685 desidorium
1368 4625 1508 4699 postulat,
1537 4626 1655 4683 animus
1670 4623 1831 4697 implorat:

124 4712 242 4786 gontie,
273 4717 392 4786 accepto
424 4714 543 4771 tandem
572 4715 650 4787 quod
680 4715 837 4788 patebatur
856 4722 952 4789 pacto,
1009 4723 1072 4775 tum
1086 4717 1226 4791 dignitas,
1241 4721 1305 4773 tum
1320 4716 1424 4788 gloria,
1440 4720 1504 4772 tum
1521 4715 1610 4772 decus
1635 4713 1737 4772 aderit.
1754 4718 1831 4770 Pra-

127 4801 241 4858 dimisit
253 4817 292 4870 ;e
317 4802 352 4840 ⁸⁸⁸
378 4803 483 4860 castris
511 4801 654 4860 orientem
682 4820 785 4862 versus
812 4820 880 4862 oum
894 4804 952 4874 bis,
1008 4807 1076 4864 sidii
1091 4808 1163 4864 satis
1179 4806 1355 4877 abundeque
1375 4804 1460 4862 nobis
1473 4809 1541 4874 est;
1560 4820 1597 4862 ue
1610 4803 1696 4862 nobis
1709 4819 1764 4861 uos
1778 4803 1831 4860 ds·

791 4964 911 5022 VARIAE
926 4966 1134 5025 uberiores.

158 5079 381 5137 “laciniosa
419 5077 454 5120 ⁸⁸⁸
470 5094 536 5135 eccs
558 5079 705 5135 tuml.2.
721 5080 749 5135 3.
786 5079 821 5116 ⁸⁸⁹
834 5081 901 5137 tabe
915 5082 943 5138 2.
980 5081 1016 5119 ⁸⁵⁰
1030 5099 1059 5155 p.
1075 5081 1163 5138 etiam
1192 5081 1212 5137 i.
1240 5083 1269 5136 2.
1293 5082 1321 5138 3.
1359 5081 1390 5116 ⁸⁸¹
1416 5083 1447 5136 ut
1469 5093 1565 5152 neque
1578 5078 1605 5134 3.
1644 5073 1829 5130 ⁸⁸²ainten-

120 5153 192 5209 dum
203 5154 229 5208 3.
269 5094 622 5278 ³⁸⁸·imgetreturosl223.
661 5150 832 5207 ³⁸⁸secretas
847 5154 874 5207 2.
914 5153 993 5210 ³⁸⁸d.
1009 5153 1179 5226 Regenesbu
1216 5150 1312 5209 hu3.
1350 5151 1504 5208 ’udaeam
1542 5145 1734 5229 ³⁸⁷imputal.
1753 5144 1829 5201 ³⁸⁸st

118 5225 209 5332 &deest
223 5227 340 5292 castris)
370 5263 377 5278 .
416 5220 451 5257 ’θ’
464 5221 568 5279 addant
582 5221 671 5279 rebus
685 5225 712 5277 2.
728 5222 756 5278 3.
794 5222 828 5258 ⁸⁶⁰
842 5229 1003 5282 constante
1016 5228 1127 5297 prefert
1148 5227 1197 5281 Lei
1217 5226 1314 5281 nitius.
1351 5224 1383 5260 ⁸⁶¹
1400 5224 1512 5280 arcium
1527 5222 1553 5276 1.
1593 5219 1626 5254 ⁸⁶²
1641 5220 1785 5273 uirtutum
1800 5215 1827 5272 1.

143 5293 655 5424 13811οῗ1ἑ.2.”1ᾳ.ιάιωηε3.
693 5293 767 5351 ⁸⁶⁸r.
782 5311 810 5351 v.
827 5311 868 5352 m.
883 5297 912 5353 d.
927 5296 1027 5355 &aaut
1041 5297 1068 5353 3.
1107 5295 1501 5354 wiremutensibus.
1539 5291 1572 5326 ³⁸⁷
1587 5289 1700 5348 artibus
1728 5288 1756 5343 3.
1793 5285 1828 5325 “⁸

116 5382 217 5425 uenire
265 5406 272 5421 .
306 5405 314 5421 .

909 5465 1023 5525 NOTAE.

154 5575 247 5649 (1935)
263 5575 366 5633 Comes
379 5572 539 5649 palatinus,
546 5576 593 5634 oui
609 5576 762 5636 Heinricus
776 5578 941 5639 baioariam
1031 5581 1123 5656 (1936)
1139 5581 1308 5642 Fredericus
1322 5575 1523 5654 Mogontiuus.

118 5647 386 5710 commendaverat.
398 5646 465 5707 Vita
479 5646 618 5722 Udalrici,
634 5664 659 5710 ο.
675 5648 721 5709 18.
