3908 6096
122 290 181 359 aar
310 284 313 291 ’
861 269 1084 357 mullouts.
1745 279 1855 360 “tta

122 428 262 505 gallinam
281 428 429 510 ⁸designat.
450 426 530 493 Quod
553 431 650 485 autem
676 425 806 483 balteum
830 424 944 483 Orionis
959 428 986 495 Α
999 426 1066 499 feeit
1080 428 1112 482 ia
1125 426 1188 483 ceto
1205 435 1231 484 et
1244 427 1276 483 iu
1290 432 1373 496 terro,
1388 422 1418 483 iia
1430 428 1504 483 niori
1517 427 1544 483 e't
1558 429 1588 483 iu
1602 427 1726 485 omnibus
1738 428 1820 501 obpe-

123 519 388 586 dicitur,omnibue
398 523 476 592 patet
488 518 558 590 quia
568 517 673 574 melius
683 516 767 588 quasi
778 514 844 571 salci
855 519 947 571 secto·
1000 518 1038 572 sia
1054 515 1139 588 (Paul.
1150 532 1261 584 cxxxiv,
1272 516 1310 589 0).
1324 515 1359 572 st
1372 514 1481 573 Paulus
1496 517 1664 589 apostolos:
1684 517 1823 575 Voturrtuti

124 608 273 681 alequam
289 606 385 664 balteo
396 606 588 663 assimilatur.
598 607 656 663 Nos
671 606 761 680 igitur
771 604 948 661 taliadicere
1001 607 1077 662 enim
1101 606 1160 676 ejus
1183 606 1244 677 quis
1264 602 1368 662 resistit
1382 605 1469 677 (ltom.
1486 622 1525 672 rx,
1541 606 1606 679 10)1
1620 604 1703 679 lli-go,
1719 606 1823 664 iratres

125 696 269 770 cogimur,
285 697 354 770 quia
373 695 480 752 multos
497 712 631 768 perverso
653 695 788 769 dogmate
811 694 948 750 seductos
1001 693 1070 762 mei,
1086 692 1198 765 liquido
1222 697 1301 765 patet
1319 692 1464 766 quiahoc
1478 692 1548 750 talia
1573 692 1698 750 multum
1723 695 1824 751 obesse

125 784 284 859 haecsupra
294 783 863 855 modumobserverecognovimus.Nnm
873 788 948 839 Deus
1003 783 1065 839 suis
1080 786 1205 855 possunt
1223 781 1408 839 cultoribus:
1425 787 1452 838 et
1466 783 1531 838 ideo
1554 783 1597 839 sic
1611 800 1628 839 a
1641 783 1745 840 vestris
1761 782 1828 840 era*

126 873 312 948 omnipotens
327 875 391 930 ideo
403 874 659 931 sideraconstituit
673 873 703 928 in
716 872 795 929 omlis
806 878 838 928 ut
852 872 947 928 homi·
1002 872 1097 928 dicate
1111 861 1339 938 mentibusacffi
1356 878 1506 945 nunquam
1519 872 1666 929 luerintin
1682 873 1822 931 auribus:

127 962 215 1020 nibus
230 963 407 1020 deservirent
421 963 451 1019 in
466 963 562 1019 terris.
577 962 643 1019 Haec
659 962 778 1035 quidem
793 961 947 1035 caliginem
1002 961 1052 1018 sed
1070 961 1232 1017 secundum
1257 961 1374 1016 beatum
1399 959 1522 1016 Paulum
1546 960 1722 1033 apostolum,
1739 961 1824 1036 quid·
1899 1002 1904 1010 .

126 1053 302 1123 temperant,
315 1051 533 1108 distinctionem
558 1051 696 1108 horarum
713 1051 875 1117 insinuant,
891 1049 946 1105 ite·
1002 1050 1072 1122 qnid
1086 1049 1232 1120 agendum
1249 1048 1345 1113 luerit,
1362 1064 1478 1121 semper
1500 1049 1550 1105 dat
1570 1049 1599 1106 in
1626 1050 1745 1107 nornine
1770 1054 1824 1107 ut-

126 1139 318 1196 rantibusvel
333 1140 538 1213 navigantibus
554 1140 657 1196 mundi
671 1145 768 1213 partes
782 1122 945 1211 designant.
1002 1136 1074 1192 mini
1100 1135 1168 1209 (Cot.
1190 1152 1232 1205 111,
1252 1135 1292 1207 0).
1318 1137 1398 1202 Quod
1427 1136 1451 1193 si
1475 1137 1541 1209 quis
1565 1139 1825 1212 contempserim

125 1220 949 1301 Sunt'etiamquedamioquibusimbriumtranquillita-
1003 1225 1215 1282 catbolicorum
1240 1228 1318 1281 sorte
1343 1228 1509 1297 separatum
1535 1227 1584 1299 qul
1601 1267 1607 1281 .
1626 1269 1658 1283 ..
1684 1228 1825 1286 mathesis

125 1318 225 1372 tumve
247 1310 378 1390 tempora
401 1316 561 1390 aliqnando
585 1317 751 1391 prosploera
778 1316 946 1390 possumus.
1002 1313 1128 1370 vinculis
1141 1312 1245 1369 irretiti
1263 1356 1270 1369 .
1288 1357 1295 1369 .
1313 1355 1319 1368 .
1336 1311 1460 1369 filiorum
1472 1320 1589 1371 tuorum
1601 1316 1751 1390 aggreg'a'ri
1767 1324 1826 1374 me·

124 1395 208 1462 iisne
222 1403 282 1461 illis
302 1405 395 1480 legem
417 1407 535 1463 Creator
549 1406 681 1465 omnium
696 1406 726 1462 in
741 1404 882 1478 principio
898 1420 948 1478 po·
1002 1407 1132 1459 mentor.

123 1492 197 1563 'suit
212 1510 265 1552 neo
279 1493 358 1550 ultra
371 1494 526 1552 subvenire
539 1494 582 1552 vel
598 1511 701 1552 nocere
717 1495 831 1551 valent:
845 1510 948 1567 quem
1322 1491 1443 1548 stillio
1460 1490 1506 1548 lV.

127 1584 174 1641 vis
188 1582 528 1656 sintmathematici,qni
540 1584 601 1640 breo
611 1584 800 1641 nascentibus
814 1594 948 1656 preesse,
1271 1596 1308 1635 ru
1337 1594 1559 1637 arrestari.

129 1673 275 1747 conjugiis
298 1671 450 1730 dominare
472 1673 525 1745 [itu
546 1673 630 1744 cod.],
647 1672 813 1730 architectis
827 1674 951 1729 doceant
1040 1668 1208 1744 Epiphania
1233 1667 1339 1724 festum
1362 1669 1442 1738 [eod.,
1468 1669 1584 1742 laetam]
1610 1672 1827 1730 celebrantibus

129 1764 293 1821 observare.
309 1760 365 1818 Sed
390 1762 467 1834 quod
483 1763 519 1817 de
544 1762 696 1819 nativitato
719 1767 864 1832 asserunt,
879 1761 952 1819 satis
1006 1761 1073 1833 quial
1090 1758 1128 1814 eit
1142 1757 1301 1831 Epiphania
1313 1757 1493 1815 innotescere
1504 1774 1654 1817 curamue.
1667 1758 1828 1835 Epiphania
1929 1816 1933 1823 .

130 1848 162 1907 iu
171 1845 952 1924 Epiphaniarumhomeliisdestruitur(l505).Nosveio
1007 1864 1135 1920 namque
1148 1851 1254 1916 Graes,
1268 1847 1369 1903 Latine
1383 1848 1613 1920 superapparitio
1625 1850 1741 1907 dicitur.
1754 1851 1827 1909 Nato

129 1939 250 2012 quidde
272 1936 418 2012 conjugiis
440 1938 602 1995 sentiamus
625 1938 742 1996 interim
767 1940 951 1996 adnotemus.
1006 1937 1113 1994 etenim
1131 1936 1251 1992 Domino
1273 1940 1373 1992 nostro
1397 1936 1466 1993 Jesu
1482 1937 1608 2006 Christo,
1624 1940 1782 1998 diversorio
1792 1942 1827 1998 ‘in

129 2028 304 2085 innumeros
318 2044 422 2101 nempe
441 2026 575 2084 homines
595 2043 691 2085 mares
706 2044 739 2085 ac
754 2028 879 2085 laminas
895 2033 952 2084 ste·
1007 2043 1064 2100 qno
1075 2024 1827 2102 ipse'commatremorabatnreidussuperapparuit,

130 2117 199 2174 riles
214 2124 342 2191 persepe
351 2115 489 2184 vidimus,
503 2121 531 2172 et
542 2115 610 2173 licet
622 2117 710 2173 variis
725 2121 891 2191 temporum
907 2117 952 2172 in·
1007 2115 1085 2187 quod
1101 2130 1202 2185 magos
1213 2112 1249 2169 de
1261 2112 1380 2169 reinotis
1396 2114 1528 2185 pertibus
1538 2116 1574 2170 ad
1590 2115 1746 2174 Dominum
1761 2117 1830 2175 ado-

130 2294 253 2352 divsreis
263 2293 439 2367 conJugibus
454 2310 632 2366 procreasse.
645 2294 685 2351 De
698 2295 830 2351 adificiis
842 2300 952 2363 eutem,
1007 2292 1198 2348 consecravit.
1213 2289 1343 2362 Denique
1357 2290 1424 2347 licet
1440 2292 1580 2349 Dominus
1596 2293 1674 2350 buno
1688 2293 1766 2352 diem
1780 2298 1829 2353 va'·

130 2399 166 2441 ex
180 2370 316 2456 presenti
331 2381 436 2439 saltem
450 2381 586 2455 Papiensi
600 2383 735 2440 incendio
745 2383 837 2456 (1506)
853 2399 954 2457 possu·
1009 2381 1061 2437 riis
1076 2378 1225 2437 miraculis
1240 2380 1449 2452 perornaverit,
1460 2381 1538 2437 istud
1554 2386 1652 2438 tamen
1666 2383 1696 2439 in
1712 2384 1830 2443 uomliie

114 2479 200 2529 'mus
215 2470 351 2544 colligere
374 2471 534 2528 veritatem.
551 2468 618 2538 Qus
637 2472 716 2528 enim
740 2471 840 2529 civitas
855 2473 885 2529 in
902 2472 955 2529 boc
1009 2469 1187 2544 precipuum
1202 2468 1299 2524 locum
1314 2467 1451 2536 obtinuit,
1462 2469 1522 2525 sive
1532 2470 1603 2542 quia
1617 2471 1756 2545 primurn,
1770 2474 1830 2532 sive

133 2578 223 2635 regno
239 2562 343 2628 luerat,
359 2576 421 2631 quae
446 2559 673 2633 pulchrioribus,
694 2567 728 2616 ut
740 2562 865 2631 vidistis,
882 2560 955 2618 rutl—
1009 2559 1079 2631 quia
1094 2558 1226 2613 omnium
1252 2557 1308 2613 luit
1329 2557 1500 2612 maximum.
1515 2558 1588 2614 Nam
1603 2559 1657 2615 boc
1672 2561 1756 2618 sidus
1771 2562 1829 2635 pli·

132 2650 207 2706 leret
220 2648 395 2705 structuris?
418 2665 471 2704 nec
486 2647 547 2704 ulla
560 2654 675 2722 poteret
699 2650 735 2706 ab
759 2649 888 2723 antiquis
903 2668 954 2707 seu
1010 2648 1107 2709 mitius
1122 2646 1253 2720 gentium
1268 2646 1383 2703 Christo
1400 2647 1521 2703 Domino
1536 2648 1679 2716 excitavit,
1691 2655 1778 2725 atque
1793 2653 1829 2709 aid
1863 2696 1868 2707 ,

134 2737 313 2796 amodernis
333 2737 463 2793 mderum
476 2738 656 2813 computatio
680 2738 810 2812 reperiri,
827 2741 956 2812 subque
1009 2737 1184 2795 eredendum
1210 2735 1360 2808 compulit,
1383 2735 1418 2791 ad
1441 2736 1622 2793 adorandum
1646 2740 1773 2796 edocuit.
1789 2740 1830 2797 ua

135 2828 243 2884 domus
259 2826 368 2882 fabrica
382 2825 412 2881 in
432 2841 467 2882 ea
485 2842 544 2882 non
560 2827 695 2895 creverit;
712 2843 770 2883 une
784 2831 882 2883 tamen
898 2828 955 2898 die,
1010 2842 1135 2899 quorum
1152 2825 1339 2881 multitudine
1353 2824 1467 2879 diversa
1482 2826 1632 2898 nunciam
1647 2824 1829 2899 peromnem

131 2916 227 2973 inetur
241 2914 331 2971 divini
351 2913 467 2985 judicii,
483 2914 520 2969 ab
544 2915 611 2988 igne
633 2921 809 2987 consumpta
831 2921 885 2971 est.
902 2916 956 2982 Qui
1010 2932 1083 2988 pene
1106 2913 1250 2969 mnndum
1271 2929 1330 2967 una
1343 2917 1465 2968 vocator
1478 2912 1616 2969 Ecclesia.
1632 2915 1740 2971 Cetera
1761 2924 1829 2974 veno

133 3020 203 3079 ergo
228 3003 330 3060 dicunt
351 3003 450 3074 aliqua
467 3003 596 3058 siderum
621 3003 820 3060 observatione
844 3003 955 3077 prolem
1010 3002 1162 3073 miracula,
1173 3018 1235 3075 quae
1248 3002 1388 3056 Dominus
1399 3000 1612 3059 revolventibus
1623 3004 1709 3060 anuis
1720 3008 1770 3077 pe'r
1784 3021 1830 3062 ca·

133 3093 255 3166 suscipi,
271 3091 315 3148 vel
330 3090 509 3164 negligentia
522 3091 666 3160 fraudari;
681 3090 725 3148 vel
740 3092 791 3164 qui
805 3092 910 3149 domos
924 3093 966 3167 in,
1009 3095 1076 3150 dem
1100 3089 1299 3148 anniversarie
1321 3105 1440 3162 operare
1459 3089 1511 3163 [itu
1528 3091 1599 3162 cod]
1614 3092 1752 3165 diguatus
1774 3097 1828 3162 est,

133 3188 198 3239 ortu
226 3181 420 3251 quorumdam
444 3179 575 3236 siderum
606 3185 717 3237 erectas
740 3180 777 3236 ab
801 3181 868 3254 igne
892 3160 990 3237 cre-C
1010 3180 1155 3239 omniaad
1171 3179 1829 3255 istud,quemadmodumadprincipium,sive

133 3269 219 3338 mari,
234 3269 263 3324 in
279 3268 475 3341 quorumdam
490 3273 588 3323 eutem
604 3284 775 3341 permanere
788 3266 893 3326 illesas
909 3286 956 3326 as·
1009 3276 1098 3343 caput
1111 3267 1282 3341 respiciunt,
1293 3267 1368 3323 sicut
1380 3267 1596 3340 scripturarum
1607 3286 1721 3344 quoque
1733 3272 1829 3329 decla·

132 3364 247 3429 truunt,
263 3368 315 3413 aut
341 3357 390 3428 qui
418 3358 454 3413 ab
483 3357 614 3430 ipsorum
641 3359 827 3415 veneratione
845 3358 956 3431 aliquid
1010 3366 1055 3416 rat
1065 3357 1279 3415 seriesltodem
1291 3357 1360 3412 anni
1375 3356 1500 3414 termino
1511 3358 1651 3415 Dominus
1661 3358 1691 3416 in
1703 3360 1830 3418 dordhue

136 3447 286 3521 provenire
301 3446 491 3512 contendunt,
507 3446 555 3501 his
569 3445 745 3504 testimoniis
762 3446 880 3505 fallaces
893 3464 958 3504 esse
1012 3448 1174 3520 baptizatus
1188 3450 1242 3516 est,
1259 3463 1276 3501 a
1290 3445 1399 3518 Spiritu
1420 3450 1521 3502 sancto
1533 3445 1564 3502 in
1578 3447 1719 3505 columbe
1735 3449 1832 3521 specie

137 3537 347 3590 monstrantur.
364 3532 420 3589 Sed
435 3532 574 3589 inimicus
595 3535 717 3590 humani
731 3535 846 3608 generis
861 3536 957 3591 diver·
1011 3528 1173 3593 declaratus
1189 3540 1242 3601 est,
1254 3533 1291 3590 ab
1307 3533 1390 3606 aquis
1405 3534 1569 3591 admiratus
1584 3541 1675 3604 est‚et
1688 3555 1705 3593 a
1718 3537 1831 3595 donnae

137 3623 331 3679 sescentiens
355 3621 540 3679 infirmitates
563 3622 728 3696 bominum,
744 3625 866 3681 diversis
890 3642 956 3683 nos·
1010 3626 1102 3699 digito
1116 3625 1204 3681 etiam
1220 3630 1355 3682 ostensus
1367 3628 1412 3680 est
1423 3648 1430 3682 :
1442 3624 1506 3680 dece
1520 3625 1611 3697 Agnus
1632 3627 1691 3697 Dei,
1702 3640 1762 3684 eece
1782 3629 1833 3700 qui

137 3715 197 3767 met
211 3710 314 3768 nititur
329 3711 445 3767 insidiis
468 3726 653 3784 expugnare:
672 3713 841 3770 sicutenim
857 3719 957 3786 poten-
1012 3716 1083 3772 toltit
1109 3722 1223 3786 peccota
1248 3712 1345 3769 muudi
1359 3713 1452 3785 (loon.
1476 3729 1496 3778 r,
1517 3715 1571 3786 29).
1588 3714 1697 3772 Deinde
1724 3733 1832 3788 aquarn

136 3800 216 3856 tibus
239 3799 383 3871 rapinam,
400 3799 515 3855 callidis
536 3801 668 3873 suggerit
690 3802 832 3869 lraudcm,
845 3802 960 3859 delicio·
1010 3805 1112 3860 vinum
1129 3803 1196 3859 lecit
1210 3802 1246 3858 ad
1263 3802 1381 3872 nuptias
1396 3801 1489 3871 (loon.
1506 3819 1536 3868 11,
1553 3803 1595 3874 8);
1611 3802 1688 3859 siout
1702 3809 1832 3874 postmo-

136 3889 177 3945 sis
202 3889 365 3954 libidinem,
385 3888 511 3944 robustis
535 3889 719 3960 superbiam,
736 3891 778 3946 sic
807 3890 905 3948 stultis
931 3900 959 3947 et
1012 3889 1835 3964 dumdequinquepanibusetduobuspascibussatiavit

134 3978 252 4034 rusticis
270 3975 483 4032 incredulitatis
497 3976 603 4033 vulnus
621 3976 756 4045 obdurat,
772 3979 956 4051 superstitio·
1013 3982 1144 4054 quinque
1157 3977 1251 4035 millia
1264 3977 1417 4034 hominum
1432 3978 1536 4046 (11111111.
1547 3995 1603 4046 xiv,
1618 3980 1675 4047 21).
1687 3981 1754 4045 Ques
1769 3994 1835 4036 om·-

136 4084 208 4123 uum
224 4064 491 4131 venenadillundit‚
503 4082 575 4122 usus
590 4066 728 4135 defendit,
741 4068 880 4124 duritiam
893 4085 959 4124 mo·
1013 4073 1062 4127 nia
1077 4069 1147 4142 quid
1163 4067 1241 4124 aliud
1257 4067 1385 4134 luerunt,
1395 4083 1483 4139 quam
1503 4065 1597 4135 stella,
1607 4085 1670 4140 que
1680 4068 1768 4125 corda
1782 4068 1834 4126 ho-

138 4156 190 4212 nit.
202 4156 239 4211 iit
262 4154 330 4211 licet
343 4155 379 4211 da
397 4154 598 4226 superioribus
613 4172 729 4228 quoquo
745 4158 832 4213 modo
855 4174 887 4214 se
910 4174 958 4214 ex·
1014 4160 1128 4216 minum
1144 4159 1174 4213 in
1185 4156 1304 4213 remotis
1320 4156 1454 4228 pertibus
1465 4155 1643 4212 vacantiaad
1655 4156 1834 4230 agnitionem

137 4248 242 4302 cusent
255 4244 344 4313 vitiis,
361 4244 408 4300 hie
422 4248 520 4300 temen
536 4249 763 4316 prosternuntur
772 4246 889 4318 jaculis.
907 4248 961 4321 Igi-
1013 4249 1072 4305 veri
1099 4247 1146 4303 Dei
1171 4245 1287 4302 Domini
1311 4244 1404 4302 nostri
1427 4244 1497 4301 Jesu
1515 4244 1621 4301 Christi
1644 4245 1836 4318 perduceret?

135 4338 185 4391 tur
199 4333 390 4406 quaerendum
405 4337 450 4389 eet
464 4348 481 4388 a
494 4332 614 4401 talibus,
627 4334 651 4390 si
671 4334 853 4392 credulitatis
868 4336 960 4410 (1507)
1014 4338 1096 4395 Sicut
1109 4351 1177 4392 vero
1192 4333 1296 4407 previo
1311 4333 1423 4390 lumine
1442 4340 1493 4407 pe'r
1503 4334 1604 4390 noctis
1620 4336 1756 4392 tenebras
1771 4350 1836 4408 que

135 4422 305 4496 symbolum
319 4420 363 4478 vel
379 4421 468 4478 semel
483 4426 663 4495 percantent,
679 4423 843 4496 intendant,
853 4425 898 4481 vel
913 4442 960 4482 oo·
1015 4427 1141 4484 obscura
1151 4430 1221 4480 suut
1232 4427 1459 4496 perscrutamur,
1470 4423 1511 4478 sic
1521 4422 1656 4480 hovuiuee
1667 4422 1738 4480 visis
1748 4423 1837 4480 mira·

137 4513 247 4587 gitent:
260 4511 336 4582 quod
349 4510 374 4566 si
385 4514 537 4584 respuunt,
549 4527 566 4568 a
576 4517 677 4569 nostro
687 4511 809 4586 collegio
820 4530 914 4586 usque
924 4514 961 4570 ad
1016 4515 1090 4572 culis
1101 4514 1192 4570 Deum
1208 4512 1238 4568 in
1249 4512 1347 4585 effigie
1361 4509 1644 4582 hominisulatentem
1659 4511 1774 4569 lucilius
1789 4512 1837 4568 in-

137 4600 373 4658 emendationem
386 4605 616 4672 sequestrentur.
628 4602 659 4658 Si
672 4618 739 4658 vero
754 4602 809 4659 hoo
825 4619 855 4659 se
869 4603 964 4675 perbi·
1016 4604 1197 4678 telligebant.
1207 4603 1299 4674 lgitur
1307 4602 1332 4657 si
1343 4600 1378 4657 de
1387 4599 1532 4671 predictis
1542 4599 1690 4657 miraculis
1698 4600 1838 4657 subtilius

137 4691 208 4747 beot
223 4680 417 4762 frequentare,
427 4689 526 4745 dicant
544 4706 601 4761 quo
621 4707 670 4747 ore
686 4691 729 4747 vel
745 4692 831 4748 corde
846 4694 963 4749 credere
1017 4692 1215 4758 intendamus,
1227 4691 1288 4746 hae
1302 4689 1401 4745 omnia
1415 4690 1444 4743 in
1458 4689 1531 4761 ipsis
1546 4689 1640 4762 magis
1654 4691 1839 4764 praetigurata

137 4779 232 4845 Deum
243 4777 473 4849 omnipotentem
485 4784 631 4845 asserunt,
645 4781 730 4851 cujus
740 4779 879 4836 voluntati
893 4781 964 4839 teliu
1017 4782 1226 4854 intellegimus,
1237 4796 1301 4850 quea
1321 4778 1463 4833 Dominus
1477 4780 1682 4849 postmodum.
1700 4820 1707 4834 .
1724 4822 1732 4836 .
1748 4783 1838 4852 uptus

137 4866 281 4939 impedire
304 4866 475 4923 creduntur.
485 4866 525 4922 De
547 4867 658 4923 talibus
676 4885 801 4940 namque
820 4870 963 4926 Dominus
1019 4914 1026 4928 .
1038 4915 1044 4927 .
1056 4913 1062 4926 .
1072 4873 1142 4927 dum
1154 4867 1279 4925 caelestis
1291 4867 1377 4939 Regis
1387 4866 1492 4922 Filium
1503 4868 1558 4924 sibi
1570 4867 1839 4940 perinoarnationls

137 4971 191 5028 per
201 4954 373 5027 prophetam
387 4954 443 5010 eit:
452 4956 572 5027 Populus
583 4956 627 5012 laic
638 4957 718 5012 lobiis
728 4973 771 5012 me
781 4956 907 5027 honorat,
919 4974 965 5014 eor
1019 4959 1188 5033 mysterium
1201 4957 1274 5011 inibi
1285 4954 1488 5012 intellexerant
1496 4958 1634 5013 sociasse.
1647 4961 1760 5012 Rursus
1771 4969 1839 5010 cum

137 5053 230 5101 ouum
244 5060 338 5099 eorum
362 5044 492 5115 longeest
506 5061 524 5100 o
537 5060 581 5100 me
594 5047 659 5117 (leo.
670 5062 745 5111 xxix,
758 5046 813 5116 13).
825 5047 963 5118 Omnipo·
1019 5048 1158 5105 alueris
1174 5046 1303 5117 quinque
1324 5043 1466 5102 librorum
1483 5046 1574 5118 (1508)
1589 5044 1779 5117 portitoribus
1795 5042 1840 5097 in·

138 5138 206 5189 tens
220 5148 287 5188 vero
301 5148 359 5187 non
384 5136 437 5203 est,
455 5131 510 5187 nisi
532 5132 583 5204 qui
605 5133 703 5188 omnin
726 5137 822 5205 potest
834 5150 840 5188 :
854 5133 890 5189 de
905 5150 964 5205 quo
1019 5137 1127 5192 dicium
1142 5134 1260 5206 aliquod
1272 5138 1394 5190 sumunt
1404 5134 1561 5191 Dominioae
1574 5131 1743 5198 nativitatis,
1754 5131 1841 5203 quasi

140 5218 299 5278 psalmista
322 5221 386 5276 ait:
410 5220 509 5277 Omnia
531 5236 703 5294 quaecuuque
724 5223 811 5278 uoluit
833 5223 964 5278 Dominus
1020 5227 1150 5299 quinque
1164 5239 1254 5295 panes
1270 5222 1422 5278 invenio-nt
1434 5241 1440 5278 :
1453 5223 1503 5279 sed
1520 5222 1631 5278 damin
1642 5220 1745 5277 itinere
1759 5219 1841 5276 labo·

189 5346 257 5402 1505
285 5349 357 5401 Pota
371 5347 539 5418 Augustini.
1020 5352 1097 5407 Epir.
1114 5349 1236 5404 Parnon.

133 5485 138 5491 ¹
190 5417 258 5473 1506
283 5414 389 5473 Narrat
402 5417 457 5473 hoo
480 5417 650 5474 incendium
674 5418 850 5475 Muratorius
865 5420 965 5476 inAn·
1056 5421 1149 5493 (1507)
1164 5419 1317 5476 Credulitas
1332 5435 1383 5492 pro
1397 5417 1462 5490 fidet
1477 5416 1562 5490 vulgo
1577 5416 1686 5490 legitur
1699 5416 1778 5492 apud
1793 5432 1842 5477 vc·

140 5506 179 5549 ne
193 5490 260 5544 ihus
276 5487 395 5554 italicis,
408 5505 484 5545 anno
500 5488 607 5546 Christi
624 5489 838 5556 loct-Quod
855 5492 966 5549 Boron·
1020 5498 1097 5551 teres
1111 5492 1220 5549 Patres.

140 5562 202 5619 tius
216 5557 354 5631 intelllglt
363 5559 398 5616 de
415 5560 572 5618 vetustiore
583 5558 640 5619 alio
653 5559 748 5634 Papia
763 5560 908 5631 incendio,
920 5579 969 5620 on·
1056 5564 1149 5639 (1508)
1163 5560 1277 5622 Scilicet
1291 5557 1490 5620 pentateuchi.

136 5636 191 5712 jus
215 5631 253 5691 ed
277 5645 388 5690 sonum
402 5630 456 5691 924
470 5626 651 5692 methonem
666 5631 737 5692 tacit
757 5630 966 5709 luitprandus.
