3908 6096
153 307 193 372 87
660 309 831 373 uerutus
853 307 1148 372 VERCELLENSIS
1172 307 1347 371 eviscovi
1817 303 1859 368 88

154 441 212 505 nisi
227 441 568 516 abepiscopis,edquos‚
582 444 683 515 utiam
694 459 784 515 supra
795 442 973 515 dictumest,
987 443 1016 511 A
1029 440 1178 514 glutientes
1199 439 1292 514 (lete,
1315 439 1372 514 al).
1397 438 1530 513 Demque
1556 438 1582 497 sl
1610 453 1729 497 necesse
1756 435 1857 508 luerit,

154 532 310 607 pertinent,
327 548 380 605 pro
399 531 498 604 aliqua
522 530 647 589 utilitate
661 531 832 588 invitentur.
848 531 896 587 Ait
908 547 975 587 vero
1031 532 1127 591 omnis
1143 531 1275 589 Ecclesia
1290 531 1448 589 thesaurus
1462 528 1650 586 laudabiliter
1664 527 1694 584 in
1709 527 1858 600 praedictis

154 621 257 679 heatus
272 637 349 694 papa
362 620 513 678 Cornelius
528 638 535 676 ι
553 642 567 670 «
585 619 677 676 helois
698 620 833 691 quamvis
848 620 976 693 religiosi
1030 620 1241 693 expenderetur
1252 638 1259 688 ;
1269 619 1342 676 nihil
1349 625 1446 676 tamen
1455 619 1560 675 horum
1572 613 1768 690 putthesauro
1780 634 1860 673 com·

154 708 223 778 sint,
239 710 322 767 nulla
336 714 434 767 tamen
449 711 485 765 de
498 706 705 765 ecclesiasticis
721 708 908 765 facultatibus
922 709 976 765 ali·
1031 709 1205 774 mutandum
1221 712 1388 765 eet:verum
1399 708 1498 764 omnia
1509 723 1572 779 que
1587 708 1624 763 ad
1640 704 1859 762 ususEoclesia

155 797 226 872 quid
234 797 408 870 disponendi
416 798 524 870 legitur
534 797 814 869 unquamattributa
824 796 977 855 facultas.»
1031 797 1188 871 pertinent,
1205 800 1379 854 ornamenta
1397 796 1530 853 Ecclesia
1556 799 1635 865 eunt,
1651 795 1796 874 precipue
1810 811 1858 852 sa·

154 887 262 946 seems
276 902 393 959 quoque
404 887 534 943 ioannes
554 886 685 958 Baptista
700 886 864 959 publicanis
880 891 908 942 et
923 886 978 943 mi·
1032 885 1175 956 cerdotes,
1190 885 1286 943 clerus
1300 889 1329 942 et
1345 885 1465 953 familia,
1477 901 1529 941 uec
1545 887 1669 956 possunt
1682 884 1794 955 absque
1808 900 1860 956 pa·

155 975 257 1043 litibus
271 977 307 1032 ad
323 992 410 1032 suum
426 974 575 1048 baptisma
590 975 785 1045 venientibus,
797 980 826 1032 et
840 977 918 1048 quod
935 976 977 1033 la·
1032 973 1125 1031 riculo
1135 973 1227 1030 abuti.
1236 973 1444 1046 Hujuscemodi
1458 989 1526 1046 ergo
1538 976 1708 1029 sanctarum
1721 972 1860 1029 ecclesia·

155 1069 255 1123 carent
275 1065 525 1137 interrogantibus
548 1064 622 1120 dixit
638 1081 644 1119 :
661 1064 739 1121 Nihil
753 1065 873 1136 emplius
896 1082 979 1138 qoem
1033 1080 1100 1120 rum
1115 1067 1315 1136 persecutores
1336 1064 1440 1119 beatus
1457 1062 1527 1118 Pius
1552 1063 1703 1118 Romanus
1730 1062 1862 1133 pontifex

154 1154 226 1228 quod
238 1157 416 1211 metatorem
428 1159 469 1209 est
483 1153 690 1222 vatielezebeir
703 1173 711 1220 ς
725 1158 753 1210 et
766 1157 905 1210 neminem
913 1170 978 1210 cen·
1034 1151 1113 1224 (Pius
1128 1168 1204 1224 papa
1220 1153 1243 1218 l)
1259 1152 1423 1224 increpans,
1439 1150 1479 1207 ait
1494 1151 1584 1223 (epist.
1599 1152 1628 1219 2)
1645 1167 1652 1207 ι
1669 1173 1683 1200 ι(
1700 1150 1742 1206 Ad
1759 1151 1860 1205 eedem

154 1244 277 1311 meroes,
291 1258 379 1314 neque
392 1241 561 1297 reseratam
574 1242 696 1312 societis,
714 1250 740 1297 et
762 1243 882 1298 contenti
897 1244 980 1298 estote
1034 1240 1227 1312 apostolicam
1242 1239 1388 1314 perlatum
1404 1241 1539 1312 estquod
1555 1239 1615 1296 sint
1638 1238 1779 1295 intervos
1795 1255 1862 1295 con·

154 1331 301 1403 stipendiis
324 1331 422 1386 uestiti
445 1329 521 1398 (tec.
538 1346 580 1396 ιιι,
599 1331 652 1402 13).
676 1330 835 1403 stipendiis
860 1331 979 1402 quidem
1034 1329 1181 1386 tentiones
1195 1334 1224 1385 et
1239 1328 1450 1401 emulationes,
1466 1334 1494 1386 et
1508 1327 1618 1400 predio
1632 1328 1741 1384 divinis
1755 1328 1862 1384 usibus

156 1420 219 1479 suia
234 1418 364 1476 contenti
388 1422 469 1484 sunt,
483 1418 534 1490 qui
550 1417 652 1473 illicita
675 1435 733 1474 non
750 1422 911 1491 apponunt,
927 1434 981 1474 nec
1034 1419 1143 1474 tradita
1156 1418 1275 1489 quidam
1299 1417 1439 1474 humanis
1460 1417 1607 1490 applicant
1630 1415 1743 1484 usibus,
1759 1419 1789 1472 et
1809 1416 1862 1472 Do-

157 1508 253 1565 aliena
266 1507 488 1579 concupiscunt.
505 1508 537 1561 ln
561 1506 701 1563 electione
725 1524 791 1563 vero
807 1507 980 1579 pontificum
1035 1506 1115 1564 mino
1130 1507 1200 1576 Dee,
1213 1508 1259 1563 cui
1276 1507 1384 1564 tradita
1397 1512 1478 1573 suut,
1494 1522 1528 1562 ea
1546 1506 1734 1574 subtrahunt,
1751 1510 1785 1561 ut
1799 1506 1862 1562 suis

157 1597 338 1669 [sanctorum
363 1595 393 1651 iu
417 1596 554 1651 omuibus
573 1611 719 1652 canonum
743 1596 813 1651 ordo
839 1600 980 1668 servetur,
1036 1596 1141 1652 usibus
1164 1596 1335 1654 inserviant.
1352 1597 1532 1669 Quapropter
1556 1596 1593 1652 ab
1619 1595 1757 1653 omnibus
1780 1593 1864 1650 illius

158 1684 361 1743 uullueclerue
370 1683 412 1741 vel
420 1684 546 1758 populus
557 1685 760 1756 prejudicium
771 1685 916 1756 patiatur;
929 1687 980 1741 sed
1037 1684 1237 1756 usurpationis
1254 1685 1433 1742 contumelia
1446 1684 1619 1758 depellenda
1632 1688 1687 1752 est,
1704 1700 1739 1739 ne
1754 1682 1866 1755 predia

158 1773 251 1832 libera
266 1774 305 1831 sit
318 1773 361 1830 eie
375 1774 487 1846 absque
501 1773 627 1844 alicujus
638 1775 836 1831 controversia
858 1773 982 1831 facultas
1038 1774 1144 1831 usibus
1159 1777 1338 1830 secretorum
1351 1773 1513 1830 coelestium
1530 1773 1635 1841 dicata,
1652 1789 1669 1829 a
1682 1771 1863 1844 quibusdam

158 1861 318 1935 tranquille
333 1879 422 1935 quem
432 1861 539 1919 melius
550 1863 743 1934 providerint,
753 1861 890 1936 eligendi.
902 1863 982 1920 Elec·
1039 1861 1220 1919 irruentibus
1234 1866 1382 1919 vexentur.
1399 1863 1480 1928 Quod
1495 1862 1521 1919 si
1546 1862 1704 1935 quisquam
1719 1877 1863 1934 prasum-

157 1954 206 2017 tus
221 1965 339 2021 quoque
358 1953 419 2005 tam
436 1966 454 2004 a
475 1948 711 2021 metropolitano,
727 1965 817 2020 quam
840 1967 857 2005 a
872 1951 984 2006 ceteris
1038 1951 1140 2024 pserit,
1151 1949 1312 2024 sacrilegus
1322 1951 1474 2019 habeatur,
1486 1951 1602 2009 etsicut
1615 1949 1776 2022 sacrilegus
1785 1949 1865 2021 judi·

157 2036 450 2110 comprovincialibus
464 2036 608 2111 episcopie
635 2036 861 2111 diligentissime
877 2039 984 2095 exami-
1039 2044 1131 2096 cetur.
1148 2041 1230 2111 ipsos
1245 2043 1343 2096 autem
1359 2040 1409 2111 qui
1420 2039 1475 2097 hoc
1490 2037 1715 2112 agunt,clericos
1727 2042 1755 2094 et
1766 2037 1864 2094 Domi-

157 2126 276 2185 uandus
289 2125 353 2182 erit.
365 2126 448 2192 Quod
463 2125 488 2181 ei
505 2125 571 2197 quis
582 2130 684 2182 contra
696 2129 775 2198 eum]
787 2128 868 2198 juste
883 2126 983 2202 aliqua
1039 2127 1069 2184 ni
1094 2129 1259 2185 sacerdotes
1283 2128 1429 2201 persequi,
1453 2144 1562 2200 eosque
1583 2128 1727 2184 infamare
1752 2125 1864 2183 audivi-

160 2215 267 2289 poterit
274 2214 411 2285 objicere,
426 2213 573 2271 licentiam
586 2214 752 2271 habeaotin
766 2217 984 2275 omuibustunc
1040 2233 1116 2284 mue,
1134 2221 1167 2273 ut
1178 2217 1289 2274 malum
1304 2234 1395 2290 supra
1405 2217 1516 2276 malum
1530 2217 1650 2284 addant,
1662 2219 1691 2272 et
1706 2215 1865 2272 deteriores

161 2301 324 2379 [ventilare
340 2318 427 2374 quem
443 2302 467 2357 ei
484 2301 653 2358 convincere
668 2303 775 2374 poterit
795 2304 830 2360 de
845 2304 986 2377 culpa,]a
1039 2305 1133 2372 fiant,
1150 2322 1207 2361 non
1232 2305 1427 2378 intelligentes
1449 2307 1527 2377 quod
1551 2304 1680 2362 Ecclesia
1704 2304 1820 2361 Domini
1835 2305 1864 2360 in

60 2399 64 2402 ’
160 2391 372 2451 benedictionis
395 2395 598 2447 removeantur
617 2391 720 2463 gratia.
736 2391 764 2446 Si
786 2409 853 2449 vero
877 2394 984 2467 dignus
1039 2393 1242 2450 sacerdotibus
1257 2395 1401 2461 consistit,
1417 2399 1446 2451 et
1472 2396 1578 2451 crescit
1593 2394 1621 2449 in
1643 2392 1787 2466 templum
1805 2392 1863 2449 Dei.

158 2480 296 2541 inventus
308 2479 406 2551 luerit,
416 2485 487 2536 tuno
501 2480 735 2552 cum[consensu
750 2484 779 2536 et
793 2481 985 2555 notitiaprin-
1040 2486 1073 2538 Et
1090 2482 1168 2539 sicut
1182 2483 1233 2554 qui
1255 2482 1415 2540 Ecclesiam
1438 2483 1489 2540 Dei
1505 2486 1608 2551 vastat,
1626 2486 1654 2539 et
1676 2482 1741 2553 eius
1757 2482 1867 2554 predia

159 2570 244 2644 cipis]
259 2569 296 2626 ad
311 2569 396 2640 cujus
411 2567 553 2625 ditionem
569 2568 671 2624 eadem
687 2569 826 2640 parocbia
840 2572 985 2643 pertinere
1040 2575 1070 2626 et
1083 2570 1204 2627 donaria
1218 2571 1370 2645 exspoliat,
1386 2576 1414 2628 et
1433 2571 1553 2638 invadit,
1571 2570 1604 2627 tlt
1624 2568 1805 2643 sacrilegus:
1822 2570 1865 2627 sic

158 2656 283 2725 videtur,
312 2655 480 2713 solemniter
508 2659 537 2711 et
560 2655 747 2714 devotissime
775 2659 984 2730 [consacretur.
1040 2659 1088 2716 ille
1103 2660 1153 2732 qui
1169 2662 1234 2731 ejus
1252 2662 1418 2718 sacerdotes
1442 2660 1617 2733 insequitur,
1634 2658 1779 2732 sacrilegii
1796 2675 1864 2715 reus

158 2748 229 2806 Post
242 2746 327 2817 qu'us
343 2745 566 2813 ordinationem]
592 2746 726 2802 omnium
749 2748 984 2807 adversariorum
1040 2747 1149 2819 existit,
1166 2751 1194 2804 et
1208 2748 1369 2822 sacrilegus
1379 2748 1540 2820 judicatur.
1556 2748 1695 2820 Nunquid
1717 2748 1742 2804 si
1758 2746 1865 2818 aliquis

159 2834 266 2909 lingue
280 2834 472 2905 refrenentur,
484 2850 537 2890 nec
552 2834 678 2905 sibiJmn
695 2834 782 2892 licere
797 2841 901 2908 putent
916 2855 984 2896 eon·
1040 2835 1162 2894 monilia
1175 2854 1353 2908 sponsarum
1364 2837 1864 2907 vestrarumdetraxisset,injuriam

157 2927 205 2981 tra
217 2923 372 2998 prelatum
387 2923 465 2995 quod
481 2924 595 2980 dudum
609 2922 744 2996 licuitlin
754 2924 878 2998 collega]
895 2944 903 2983 ι
919 2928 984 2984 nul·
1040 2926 1094 2998 eis,
1110 2931 1139 2982 et
1163 2927 1261 2998 potius
1284 2926 1366 2982 vobis
1391 2928 1497 2983 iactam
1521 2924 1797 2998 conquereremini?
1819 2925 1868 2980 Ait

157 3010 265 3085 iusque
278 3029 346 3069 cum
362 3024 499 3070 accusare
519 3011 564 3069 vel
584 3012 720 3084 judicare
735 3012 858 3070 ulterius
874 3032 984 3088 praesu·
1039 3014 1118 3070 enim
1138 3015 1242 3072 beatus
1258 3015 1433 3088 Gregorius:
1446 3015 1574 3072 «Omnis
1597 3014 1648 3087 qui
1673 3019 1775 3071 nostra
1790 3012 1867 3070 tollit

158 3106 231 3171 mat,
246 3100 305 3158 nisi
320 3101 569 3175 quemadmodum
594 3117 741 3158 canonum
757 3103 862 3160 decent
876 3105 983 3161 edicta.
1039 3102 1180 3160 inimicus
1194 3106 1248 3159 est.
1260 3107 1332 3160 Cum
1348 3103 1426 3160 enim
1440 3103 1539 3161 omnia
1553 3119 1619 3175 quae
1634 3118 1743 3175 sponse
1757 3101 1867 3158 babere

158 3188 200 3247 De
214 3189 333 3262 quibus,
349 3205 385 3245 ne
407 3189 523 3245 anobis
538 3189 658 3247 omuino
681 3190 851 3247 viderentur
862 3193 982 3266 omissa,
999 3174 1021 3241 G
1039 3191 1207 3258 videtur,ad
1224 3191 1288 3262 ejus
1295 3192 1397 3264 spousi
1405 3196 1520 3250 constet
1529 3192 1674 3264 respicere
1686 3190 1865 3258 dominium,

159 3279 294 3352 quedam
309 3276 442 3348 quamvis
458 3293 552 3349 pauca
567 3277 597 3333 in
611 3278 757 3351 principio
773 3278 898 3352 hujusce
916 3299 985 3339 nos·
1039 3283 1069 3335 et
1083 3284 1215 3336 sanctam
1231 3278 1391 3337 Ecclesiam
1407 3280 1513 3337 Christi
1528 3296 1669 3353 sponsam
1683 3294 1748 3335 esse
1763 3277 1867 3334 nullus

55 3415 62 3422 .
159 3374 211 3423 tra
226 3365 424 3421 adnotationis
447 3380 677 3423 commemorare
692 3368 870 3425 curavimus.
886 3370 940 3426 Sed
957 3375 986 3427 et
1039 3368 1164 3440 abneget
1178 3366 1351 3438 catholicus,
1364 3368 1537 3440 omniaque
1553 3366 1685 3424 Ecclesia
1701 3371 1771 3423 sunt
1784 3365 1867 3422 Chri-

160 3453 185 3510 ei
202 3451 250 3508 cui
274 3453 398 3509 fortasse
413 3457 442 3508 et
465 3451 516 3508 illa
541 3469 599 3509 non
624 3452 786 3524 sulllciunt,
815 3461 984 3514 sanctorum
1039 3455 1077 3512 eti
1092 3471 1157 3512 asse
1176 3457 1357 3528 probantur;
1373 3460 1403 3512 et
1417 3473 1482 3529 qua
1497 3458 1533 3513 ab
1559 3473 1594 3514 ea
1607 3456 1791 3524 auferuntur,
1807 3453 1866 3526 ipsi

160 3540 284 3599 Patrem
301 3539 647 3613 statutadiligeutissime
660 3543 857 3614 perquirat,ut
870 3545 987 3617 plenius
1040 3543 1141 3617 procul
1156 3544 1245 3601 dubio
1259 3544 1413 3601 tolluntur.
1431 3567 1445 3595 ι

159 3629 228 3687 inde
242 3628 349 3686 instrui
364 3628 468 3688 valeat.
1075 3632 1185 3688 Revera
1199 3648 1267 3706 ergo
1282 3632 1421 3690 inimicus
1445 3631 1552 3689 Christi
1567 3632 1693 3689 efficitur
1707 3632 1759 3704 qui
1773 3630 1864 3688 eccle·

263 3736 387 3808 &prim
399 3750 469 3807 pa„
483 3734 602 3791 secunda
616 3734 649 3790 ,p
661 3735 884 3795 ordqmtwnqpm
1039 3721 1174 3777 siasticas
1188 3737 1234 3777 res
1245 3738 1387 3795 usurpare
1396 3725 1528 3794 conatur,
1539 3737 1592 3778 nec
1605 3720 1752 3777 immerito
1762 3721 1865 3776 eadem

188 3808 192 3815 '
470 3807 665 3878 episcoporum.
1039 3807 1153 3865 decidet
1168 3811 1322 3876 sententia,
1339 3826 1429 3882 quam
1456 3809 1559 3867 beatus
1572 3809 1664 3866 David
1680 3807 1865 3881 proclamans

1039 3898 1081 3954 ait
1097 3915 1103 3954 :
1120 3900 1233 3956 inimici
1257 3915 1319 3957 vero
1342 3901 1452 3956 Dornini
1475 3916 1542 3954 mox
1567 3904 1598 3954 ot
1620 3897 1823 3970 honorificetis
1856 3925 1867 3936 ·

1038 3989 1099 4044 rint
1120 3993 1148 4044 et
1176 3989 1306 4060 exaltati,
1331 3989 1487 4059 defi-nectet
1510 3987 1743 4061 quemadmodem
1770 3986 1866 4057 sumes

1039 4077 1166 4148 deficient
1189 4076 1275 4148 (Ptol.
1300 4093 1396 4146 xxxvr,
1413 4079 1470 4148 20).
1487 4077 1541 4141 Qui
1566 4076 1645 4132 enim
1669 4080 1727 4131 Deo
1742 4071 1866 4130 creatori

196 4160 344 4217 Praeterire
359 4178 417 4216 non
432 4177 602 4233 possumus,
619 4163 697 4234 quod
721 4164 984 4224 reeecclcsiasticae
1040 4181 1104 4237 suo,
1135 4169 1164 4220 et
1191 4164 1324 4222 omnium
1354 4165 1565 4222 beneficiorum
1604 4165 1698 4221 datori
1727 4160 1866 4218 inimicus

160 4253 364 4323 postmortem
378 4248 421 4305 vel
437 4249 640 4323 expulsionem
656 4251 786 4324 episcopi
801 4254 831 4309 in
847 4255 984 4328 direptio·
1039 4270 1104 4311 csse
1127 4255 1285 4326 probatu1·;
1309 4252 1433 4324 homini,
1460 4269 1512 4327 per
1534 4269 1621 4326 quem
1646 4252 1707 4308 bac
1733 4255 1867 4307 tantum·

160 4343 264 4395 namet
274 4337 405 4412 rapinam
416 4336 605 4396 secularibus
613 4341 984 4418 tradantur:cumdignum
1040 4342 1127 4400 modo
1143 4341 1306 4400 ministrari
1322 4343 1422 4415 aliquo
1439 4341 1526 4399 modo
1549 4344 1687 4413 possunt,
1702 4338 1819 4394 fidelem
1836 4353 1868 4394 se

161 4426 287 4501 sitquod
298 4444 331 4484 ea
341 4426 371 4483 in
382 4427 529 4499 episcopio
544 4435 724 4501 remapeaut,
732 4446 785 4502 per
799 4449 985 4492 oeconomum
1040 4448 1104 4488 cese
1129 4447 1227 4488 revere
1256 4431 1409 4487 mentitur.
1427 4429 1501 4494 Quid
1527 4445 1595 4500 ergo
1620 4428 1704 4496 juvat
1727 4441 1777 4479 aos
1802 4442 1869 4482 esse

160 4518 322 4572 stratores
337 4515 554 4587 dispensatores
566 4515 693 4572 ecclesie
709 4521 852 4590 usquead
867 4523 984 4580 ordina·
1000 4544 1024 4607 0
1039 4520 1230 4589 Christianos,
1242 4522 1271 4574 ct
1285 4517 1394 4574 Christi
1405 4516 1566 4588 depredari
1584 4511 1768 4570 Ecclesiam?
1783 4513 1866 4578 Quod

160 4603 270 4661 tionem
286 4603 376 4660 iuturi
387 4601 516 4677 episcopi
533 4604 704 4662 intemerate
718 4614 882 4678 serventur,
894 4627 931 4666 no
947 4612 984 4668 ab
1039 4608 1141 4664 beatus
1157 4603 1427 4676 Paulusapoetolus
1442 4604 1598 4675 increpans
1609 4602 1650 4657 ait
1666 4618 1672 4656 :
1692 4601 1745 4669 Qui
1760 4604 1865 4659 abomi-

161 4691 228 4750 sliie
243 4708 294 4766 per
303 4693 427 4767 quodvis
441 4693 592 4766 ingenium
604 4694 663 4751 ullo
676 4695 763 4752 modo
773 4697 985 4770 subripiantur.
1040 4696 1120 4752 noris
1135 4693 1220 4763 idolo,
1239 4693 1419 4762 sacrilegium
1441 4692 1514 4760 {aab
1536 4692 1624 4763 (Rem.
1639 4708 1669 4759 ιι,
1685 4690 1741 4762 22).
1757 4689 1864 4746 Divinae
1926 4760 1931 4766 ι

161 4779 236 4845 Quid
252 4780 330 4837 enim
356 4781 478 4837 interest
501 4782 525 4838 si
549 4782 662 4840 vivente
685 4784 832 4858 episcopo,
848 4791 900 4841 aut
921 4793 988 4860 post
1041 4784 1120 4841 enim
1148 4799 1196 4839 res
1222 4798 1281 4838 nou
1305 4781 1459 4837 hominurn
1485 4779 1687 4851 possessiones
1709 4793 1773 4834 esse
1798 4794 1864 4833 nos·

162 4873 286 4926 mortem
303 4870 377 4943 ejus,
393 4868 651 4928 resecclesiasticae
667 4872 703 4927 ab
720 4873 825 4929 exteris
846 4873 986 4946 diripiau-
1042 4878 1158 4937 cuntur,
1175 4888 1227 4928 uec
1241 4868 1310 4927 licet
1324 4869 1508 4926 secularium
1526 4869 1705 4942 dignitatum
1720 4865 1787 4921 inde
1803 4866 1866 4923 lieri

443 3948 537 4004 PARS
555 3948 700 4004 TERTIA.

355 4037 393 4092 lle
407 4037 584 4109 facultatibus
599 4039 792 4095 Eccleeiemm.

161 4957 287 5015 turiaut
298 4959 368 5031 quid
380 4961 499 5032 prodest
510 4959 534 5016 si
544 4959 653 5016 similia
663 4961 987 5031 conserventur,horree
1041 4960 1275 5017 additamentum
1285 4977 1291 5015 :
1302 4958 1442 5032 quoniam
1459 4958 1723 5015 ecclesiasticorum
1739 4953 1783 5011 vel
1796 4972 1867 5027 pau-

161 5051 259 5104 autem
272 5051 302 5104 et
315 5048 441 5115 cellaria,
457 5046 553 5104 clerus
569 5051 598 5103 et
624 5045 746 5117 familia,
762 5052 791 5103 et
806 5053 987 5125 ceteraque
1041 5066 1145 5123 perum
1165 5054 1236 5106 sunt
1250 5052 1411 5123 preparata
1425 5049 1459 5102 ad
1478 5064 1575 5103 usum.
1592 5046 1679 5102 Decet
1693 5060 1820 5116 namque
1836 5050 1868 5102 ut

161 5136 199 5193 ad
208 5135 366 5196 Ecclesiam
379 5136 526 5209 pertinent
537 5134 764 5206 depraedentur?
778 5136 898 5195 Talibus
908 5139 985 5196 enim
1041 5145 1143 5197 sancta
1159 5139 1289 5197 Ecclesia
1302 5138 1476 5194 inconcussa
1491 5141 1578 5209 atque
1594 5134 1736 5190 inoffensa
1750 5135 1787 5189 ab
1804 5151 1864 5190 om·

162 5224 203 5282 ait
216 5226 357 5283 Dominus
372 5224 401 5279 iu
416 5220 589 5290 Evangelio:
610 5222 656 5279 Vos
671 5221 788 5282 dicitis:
804 5230 854 5298 qui
862 5229 943 5301 jerat
957 5232 988 5286 ie
1041 5228 1130 5286 nibus
1149 5229 1320 5286 observetur
1334 5224 1524 5292 Christicolis,
1538 5239 1590 5280 nec
1606 5222 1635 5277 iu
1658 5221 1756 5295 aliquo
1776 5221 1866 5279 debo-

161 5313 248 5368 olteri
271 5331 327 5371 nen
349 5309 455 5372 debet:
486 5311 534 5380 qut
561 5319 652 5366 eutem
669 5312 748 5383 jorot
773 5316 802 5370 in
826 5333 894 5373 acro
918 5319 988 5391 quod
1041 5310 1868 5389 nesteturabipsie.Sponeaenim,utjamdiximus,Chris-

161 5404 349 5474 supercellere
371 5402 420 5469 eet,
443 5397 529 5455 debet.
546 5398 632 5455 Stulti
654 5408 681 5456 et
703 5405 777 5471 ossei,
793 5406 860 5475 qaid
873 5416 912 5463 est
924 5408 987 5480 ptus
1041 5407 1063 5461 ti
1074 5411 1127 5474 est,
1141 5401 1585 5474 etomniumdomina,quisede
1598 5399 1714 5457 Domini
1725 5400 1866 5457 conlitea-

162 5506 272 5556 oerem,
295 5506 331 5544 ou
354 5489 443 5545 ellare
465 5487 535 5560 quod
557 5488 711 5559 sanctificet
732 5499 859 5548 olerum?
882 5496 985 5567 (balet.
1042 5489 1866 5566 turesselmnilia.QuisargutaminsipiensChristianua

162 5595 242 5651 xxiii,
260 5578 314 5651 17.)
330 5577 363 5632 Et
373 5575 499 5633 iterum:
515 5577 635 5633 Culicem
652 5577 800 5654 liquentes,
816 5586 986 5643 etenensium
1041 5585 1106 5656 ejus
1122 5601 1154 5643 ee
1174 5583 1326 5643 dominum
1342 5582 1448 5640 audeat
1463 5578 1620 5651 nominari,
1634 5578 1679 5637 vel
1696 5580 1761 5653 ejus
1776 5577 1865 5636 rebus
