<?xml version="1.0" encoding="UTF-8"?>
<!DOCTYPE html PUBLIC "-//W3C//DTD XHTML 1.0 Transitional//EN"
    "http://www.w3.org/TR/xhtml1/DTD/xhtml1-transitional.dtd">
<html xmlns="http://www.w3.org/1999/xhtml" xml:lang="en" lang="en">
 <head>
  <title>
</title>
<meta http-equiv="Content-Type" content="text/html;charset=utf-8" />
  <meta name='ocr-system' content='tesseract 3.04.00' />
  <meta name='ocr-capabilities' content='ocr_page ocr_carea ocr_par ocr_line ocrx_word'/>
</head>
<body>
  <div class='ocr_page' id='page_1' title='image "./patrologiaecurs77unkngoog/patrologiaecurs77unkngoog_0434.png"; bbox 0 0 3908 6096; ppageno 0'>
   <div class='ocr_carea' id='block_1_1' title="bbox 154 219 1856 343">
    <p class='ocr_par' dir='ltr' id='par_1_1' title="bbox 154 219 1856 343">
     <span class='ocr_line' id='line_1_1' title="bbox 154 219 1856 343; baseline 0.002 -18"><span class='ocrx_word' id='word_1_1' title='bbox 154 263 214 337; x_wconf 84' lang='lat' dir='ltr'>aaa</span> <span class='ocrx_word' id='word_1_2' title='bbox 479 338 485 343; x_wconf 42' lang='grc'>,</span> <span class='ocrx_word' id='word_1_3' title='bbox 658 261 826 324; x_wconf 80' lang='lat' dir='ltr'>arronis</span> <span class='ocrx_word' id='word_1_4' title='bbox 849 260 1142 325; x_wconf 77' lang='lat' dir='ltr'>vencuunnuss</span> <span class='ocrx_word' id='word_1_5' title='bbox 1165 219 1341 326; x_wconf 82' lang='grc' dir='ltr'>ιιιιιοιι</span> <span class='ocrx_word' id='word_1_6' title='bbox 1803 262 1856 329; x_wconf 81' lang='grc' dir='ltr'>ιιι</span> 
     </span>
    </p>
   </div>
   <div class='ocr_carea' id='block_1_2' title="bbox 132 392 1856 2782">
    <p class='ocr_par' dir='ltr' id='par_1_2' title="bbox 134 392 1856 2603">
     <span class='ocr_line' id='line_1_2' title="bbox 153 392 1855 472; baseline 0 -18"><span class='ocrx_word' id='word_1_7' title='bbox 153 396 245 454; x_wconf 90' lang='lat' dir='ltr'>raudo</span> <span class='ocrx_word' id='word_1_8' title='bbox 260 396 295 453; x_wconf 90' lang='lat' dir='ltr'>sd</span> <span class='ocrx_word' id='word_1_9' title='bbox 311 409 379 451; x_wconf 89' lang='lat' dir='ltr'>eom</span> <span class='ocrx_word' id='word_1_10' title='bbox 403 392 584 467; x_wconf 87' lang='lat' dir='ltr'>perveniunt,</span> <span class='ocrx_word' id='word_1_11' title='bbox 601 392 722 465; x_wconf 84' lang='lat' dir='ltr'>ejusque</span> <span class='ocrx_word' id='word_1_12' title='bbox 743 394 896 466; x_wconf 79' lang='lat' dir='ltr'>prasentia</span> <span class='ocrx_word' id='word_1_13' title='bbox 910 410 974 467; x_wconf 90' lang='lat' dir='ltr'>per·</span> <span class='ocrx_word' id='word_1_14' title='bbox 988 408 1014 472; x_wconf 67' lang='grc' dir='ltr'><strong>Α</strong></span> <span class='ocrx_word' id='word_1_15' title='bbox 1031 394 1117 450; x_wconf 84' lang='lat' dir='ltr'>traxit</span> <span class='ocrx_word' id='word_1_16' title='bbox 1131 396 1167 450; x_wconf 88' lang='lat' dir='ltr'>ad</span> <span class='ocrx_word' id='word_1_17' title='bbox 1183 395 1309 468; x_wconf 89' lang='lat' dir='ltr'>culpam,</span> <span class='ocrx_word' id='word_1_18' title='bbox 1322 412 1400 452; x_wconf 92' lang='lat' dir='ltr'>nuno</span> <span class='ocrx_word' id='word_1_19' title='bbox 1416 395 1661 452; x_wconf 86' lang='lat' dir='ltr'>aillictareducat</span> <span class='ocrx_word' id='word_1_20' title='bbox 1675 395 1714 451; x_wconf 89' lang='lat' dir='ltr'>ad</span> <span class='ocrx_word' id='word_1_21' title='bbox 1728 396 1855 454; x_wconf 84' lang='lat' dir='ltr'>veniam.</span> 
     </span>
     <span class='ocr_line' id='line_1_3' title="bbox 152 483 1856 558; baseline 0.001 -17"><span class='ocrx_word' id='word_1_22' title='bbox 152 488 299 550; x_wconf 79' lang='lat' dir='ltr'>fruuntur,</span> <span class='ocrx_word' id='word_1_23' title='bbox 313 483 396 556; x_wconf 87' lang='lat' dir='ltr'>quasi</span> <span class='ocrx_word' id='word_1_24' title='bbox 407 483 536 556; x_wconf 91' lang='lat' dir='ltr'>quinque</span> <span class='ocrx_word' id='word_1_25' title='bbox 549 499 640 556; x_wconf 90' lang='lat' dir='ltr'>panes</span> <span class='ocrx_word' id='word_1_26' title='bbox 652 484 812 555; x_wconf 81' lang='lat' dir='ltr'>frangendo</span> <span class='ocrx_word' id='word_1_27' title='bbox 827 488 972 554; x_wconf 90' lang='lat' dir='ltr'>crescunt,</span> <span class='ocrx_word' id='word_1_28' title='bbox 1027 483 1108 546; x_wconf 88' lang='lat' dir='ltr'>Quod</span> <span class='ocrx_word' id='word_1_29' title='bbox 1132 501 1199 539; x_wconf 93' lang='lat' dir='ltr'>cum</span> <span class='ocrx_word' id='word_1_30' title='bbox 1223 502 1329 558; x_wconf 87' lang='lat' dir='ltr'>magna</span> <span class='ocrx_word' id='word_1_31' title='bbox 1350 483 1502 557; x_wconf 74' lang='lat' dir='ltr'><strong>diligentia</strong></span> <span class='ocrx_word' id='word_1_32' title='bbox 1524 483 1729 541; x_wconf 84' lang='lat' dir='ltr'>inchoandum</span> <span class='ocrx_word' id='word_1_33' title='bbox 1756 491 1812 556; x_wconf 89' lang='lat' dir='ltr'>est,</span> <span class='ocrx_word' id='word_1_34' title='bbox 1827 491 1856 542; x_wconf 93' lang='lat' dir='ltr'>ut</span> 
     </span>
     <span class='ocr_line' id='line_1_4' title="bbox 152 570 1854 652; baseline 0.001 -22"><span class='ocrx_word' id='word_1_35' title='bbox 152 591 185 630; x_wconf 88' lang='lat' dir='ltr'>ac</span> <span class='ocrx_word' id='word_1_36' title='bbox 199 572 261 630; x_wconf 90' lang='lat' dir='ltr'>suis</span> <span class='ocrx_word' id='word_1_37' title='bbox 276 572 344 646; x_wconf 85' lang='lat' dir='ltr'>[eod.</span> <span class='ocrx_word' id='word_1_38' title='bbox 361 572 424 629; x_wconf 91' lang='lat' dir='ltr'>suis</span> <span class='ocrx_word' id='word_1_39' title='bbox 439 572 498 644; x_wconf 91' lang='lat' dir='ltr'>eos]</span> <span class='ocrx_word' id='word_1_40' title='bbox 511 570 624 627; x_wconf 91' lang='lat' dir='ltr'>deliciis</span> <span class='ocrx_word' id='word_1_41' title='bbox 635 575 814 627; x_wconf 86' lang='lat' dir='ltr'>saturantur.</span> <span class='ocrx_word' id='word_1_42' title='bbox 826 571 904 628; x_wconf 88' lang='lat' dir='ltr'>Duos</span> <span class='ocrx_word' id='word_1_43' title='bbox 920 589 972 627; x_wconf 91' lang='lat' dir='ltr'>au·</span> <span class='ocrx_word' id='word_1_44' title='bbox 1027 572 1090 642; x_wconf 88' lang='lat' dir='ltr'>ejus</span> <span class='ocrx_word' id='word_1_45' title='bbox 1106 574 1142 629; x_wconf 89' lang='lat' dir='ltr'>ad</span> <span class='ocrx_word' id='word_1_46' title='bbox 1157 572 1244 630; x_wconf 88' lang='lat' dir='ltr'>finem</span> <span class='ocrx_word' id='word_1_47' title='bbox 1258 573 1399 630; x_wconf 86' lang='lat' dir='ltr'>inoffense</span> <span class='ocrx_word' id='word_1_48' title='bbox 1418 573 1566 646; x_wconf 90' lang='lat' dir='ltr'>pervenire</span> <span class='ocrx_word' id='word_1_49' title='bbox 1583 590 1767 652; x_wconf 87' lang='lat' dir='ltr'>mereamur.</span> <span class='ocrx_word' id='word_1_50' title='bbox 1785 575 1854 631; x_wconf 87' lang='lat' dir='ltr'>Nem</span> 
     </span>
     <span class='ocr_line' id='line_1_5' title="bbox 148 659 1853 736; baseline 0.001 -17"><span class='ocrx_word' id='word_1_51' title='bbox 148 666 207 719; x_wconf 87' lang='lat' dir='ltr'>tem</span> <span class='ocrx_word' id='word_1_52' title='bbox 223 660 380 736; x_wconf 90' lang='lat' dir='ltr'>pisciculos</span> <span class='ocrx_word' id='word_1_53' title='bbox 401 659 582 733; x_wconf 87' lang='lat' dir='ltr'>psalmorum</span> <span class='ocrx_word' id='word_1_54' title='bbox 606 664 635 717; x_wconf 93' lang='lat' dir='ltr'>et</span> <span class='ocrx_word' id='word_1_55' title='bbox 659 660 866 732; x_wconf 88' lang='lat' dir='ltr'>prophetarum</span> <span class='ocrx_word' id='word_1_56' title='bbox 881 660 972 717; x_wconf 91' lang='lat' dir='ltr'>libros</span> <span class='ocrx_word' id='word_1_57' title='bbox 1027 677 1073 717; x_wconf 90' lang='lat' dir='ltr'>res</span> <span class='ocrx_word' id='word_1_58' title='bbox 1088 678 1152 734; x_wconf 82' lang='lat' dir='ltr'>qua</span> <span class='ocrx_word' id='word_1_59' title='bbox 1167 663 1239 719; x_wconf 89' lang='lat' dir='ltr'>bene</span> <span class='ocrx_word' id='word_1_60' title='bbox 1259 662 1396 719; x_wconf 87' lang='lat' dir='ltr'>inchoata</span> <span class='ocrx_word' id='word_1_61' title='bbox 1417 680 1474 719; x_wconf 93' lang='lat' dir='ltr'>non</span> <span class='ocrx_word' id='word_1_62' title='bbox 1498 662 1595 730; x_wconf 87' lang='lat' dir='ltr'>luerit,</span> <span class='ocrx_word' id='word_1_63' title='bbox 1612 664 1784 735; x_wconf 85' lang='lat' dir='ltr'>perlectum</span> <span class='ocrx_word' id='word_1_64' title='bbox 1799 665 1853 720; x_wconf 84' lang='lat' dir='ltr'>cxi-</span> 
     </span>
     <span class='ocr_line' id='line_1_6' title="bbox 148 748 1854 829; baseline 0.001 -20"><span class='ocrx_word' id='word_1_65' title='bbox 148 755 295 809; x_wconf 87' lang='lat' dir='ltr'>testantur</span> <span class='ocrx_word' id='word_1_66' title='bbox 310 753 451 819; x_wconf 73' lang='lat' dir='ltr'><strong>auctores,</strong></span> <span class='ocrx_word' id='word_1_67' title='bbox 465 751 514 822; x_wconf 91' lang='lat' dir='ltr'>qui</span> <span class='ocrx_word' id='word_1_68' title='bbox 530 749 618 807; x_wconf 90' lang='lat' dir='ltr'>etiam</span> <span class='ocrx_word' id='word_1_69' title='bbox 634 748 707 805; x_wconf 89' lang='lat' dir='ltr'>bene</span> <span class='ocrx_word' id='word_1_70' title='bbox 723 765 774 821; x_wconf 90' lang='lat' dir='ltr'>per</span> <span class='ocrx_word' id='word_1_71' title='bbox 788 748 861 805; x_wconf 89' lang='lat' dir='ltr'>istos</span> <span class='ocrx_word' id='word_1_72' title='bbox 875 765 970 806; x_wconf 90' lang='lat' dir='ltr'>coms·</span> <span class='ocrx_word' id='word_1_73' title='bbox 1025 754 1088 806; x_wconf 87' lang='lat' dir='ltr'>turn</span> <span class='ocrx_word' id='word_1_74' title='bbox 1104 751 1150 806; x_wconf 84' lang='lat' dir='ltr'>vix</span> <span class='ocrx_word' id='word_1_75' title='bbox 1165 751 1291 808; x_wconf 80' lang='lat' dir='ltr'><strong>habebit.</strong></span> <span class='ocrx_word' id='word_1_76' title='bbox 1309 755 1498 824; x_wconf 78' lang='lat' dir='ltr'>Quapropter,</span> <span class='ocrx_word' id='word_1_77' title='bbox 1509 750 1691 820; x_wconf 79' lang='lat' dir='ltr'><strong>charissimi,</strong></span> <span class='ocrx_word' id='word_1_78' title='bbox 1703 754 1854 829; x_wconf 85' lang='lat' dir='ltr'>mundana</span> 
     </span>
     <span class='ocr_line' id='line_1_7' title="bbox 149 837 1851 916; baseline 0 -17"><span class='ocrx_word' id='word_1_79' title='bbox 149 842 271 908; x_wconf 90' lang='lat' dir='ltr'>duntur,</span> <span class='ocrx_word' id='word_1_80' title='bbox 282 842 350 912; x_wconf 90' lang='lat' dir='ltr'>quia</span> <span class='ocrx_word' id='word_1_81' title='bbox 360 840 494 912; x_wconf 82' lang='lat' dir='ltr'>quadam</span> <span class='ocrx_word' id='word_1_82' title='bbox 504 855 605 896; x_wconf 90' lang='lat' dir='ltr'>eorum</span> <span class='ocrx_word' id='word_1_83' title='bbox 617 837 765 895; x_wconf 80' lang='lat' dir='ltr'>sententia</span> <span class='ocrx_word' id='word_1_84' title='bbox 780 837 887 894; x_wconf 91' lang='lat' dir='ltr'>inistis</span> <span class='ocrx_word' id='word_1_85' title='bbox 901 855 969 895; x_wconf 92' lang='lat' dir='ltr'>con·</span> <span class='ocrx_word' id='word_1_86' title='bbox 1025 844 1232 912; x_wconf 74' lang='lat' dir='ltr'>postponentes</span> <span class='ocrx_word' id='word_1_87' title='bbox 1247 841 1333 913; x_wconf 79' lang='lat' dir='ltr'>seria,</span> <span class='ocrx_word' id='word_1_88' title='bbox 1348 841 1484 897; x_wconf 81' lang='lat' dir='ltr'>ecclosias</span> <span class='ocrx_word' id='word_1_89' title='bbox 1504 842 1699 913; x_wconf 80' lang='lat' dir='ltr'>frequentare,</span> <span class='ocrx_word' id='word_1_90' title='bbox 1717 848 1851 916; x_wconf 86' lang='lat' dir='ltr'>peceato·</span> 
     </span>
     <span class='ocr_line' id='line_1_8' title="bbox 147 927 1851 1003; baseline 0.001 -16"><span class='ocrx_word' id='word_1_91' title='bbox 147 934 344 988; x_wconf 92' lang='lat' dir='ltr'>summantur.</span> <span class='ocrx_word' id='word_1_92' title='bbox 358 930 432 985; x_wconf 90' lang='lat' dir='ltr'>Nam</span> <span class='ocrx_word' id='word_1_93' title='bbox 455 927 667 985; x_wconf 85' lang='lat' dir='ltr'>Psalmisteait</span> <span class='ocrx_word' id='word_1_94' title='bbox 682 944 689 984; x_wconf 92' lang='lat'>:</span> <span class='ocrx_word' id='word_1_95' title='bbox 707 928 792 1001; x_wconf 73' lang='lat' dir='ltr'>Reges</span> <span class='ocrx_word' id='word_1_96' title='bbox 814 928 920 983; x_wconf 83' lang='lat' dir='ltr'>Ttorsis</span> <span class='ocrx_word' id='word_1_97' title='bbox 943 933 971 984; x_wconf 87' lang='lat' dir='ltr'>et</span> <span class='ocrx_word' id='word_1_98' title='bbox 1024 945 1090 984; x_wconf 90' lang='lat' dir='ltr'>rum</span> <span class='ocrx_word' id='word_1_99' title='bbox 1114 935 1276 986; x_wconf 86' lang='lat' dir='ltr'>vestrorum</span> <span class='ocrx_word' id='word_1_100' title='bbox 1300 929 1494 1003; x_wconf 81' lang='lat' dir='ltr'>lacrymosum</span> <span class='ocrx_word' id='word_1_101' title='bbox 1510 929 1568 986; x_wconf 88' lang='lat' dir='ltr'>Deo</span> <span class='ocrx_word' id='word_1_102' title='bbox 1591 935 1619 986; x_wconf 90' lang='lat' dir='ltr'>et</span> <span class='ocrx_word' id='word_1_103' title='bbox 1646 931 1851 990; x_wconf 88' lang='lat' dir='ltr'>sacerdotibus</span> 
     </span>
     <span class='ocr_line' id='line_1_9' title="bbox 147 1015 1850 1091; baseline 0.001 -14"><span class='ocrx_word' id='word_1_104' title='bbox 147 1021 249 1079; x_wconf 79' lang='lat' dir='ltr'>insulse</span> <span class='ocrx_word' id='word_1_105' title='bbox 262 1035 378 1077; x_wconf 78' lang='lat' dir='ltr'>manem</span> <span class='ocrx_word' id='word_1_106' title='bbox 391 1019 513 1091; x_wconf 69' lang='lat' dir='ltr'>offecnt,</span> <span class='ocrx_word' id='word_1_107' title='bbox 528 1033 607 1087; x_wconf 83' lang='lat' dir='ltr'>repes</span> <span class='ocrx_word' id='word_1_108' title='bbox 620 1017 741 1072; x_wconf 75' lang='lat' dir='ltr'>Aratum</span> <span class='ocrx_word' id='word_1_109' title='bbox 762 1020 789 1072; x_wconf 86' lang='lat' dir='ltr'>et</span> <span class='ocrx_word' id='word_1_110' title='bbox 809 1015 884 1072; x_wconf 84' lang='lat' dir='ltr'>Scia</span> <span class='ocrx_word' id='word_1_111' title='bbox 898 1016 969 1073; x_wconf 87' lang='lat' dir='ltr'>donc</span> <span class='ocrx_word' id='word_1_112' title='bbox 1023 1018 1237 1075; x_wconf 84' lang='lat' dir='ltr'>contessionem</span> <span class='ocrx_word' id='word_1_113' title='bbox 1262 1019 1367 1085; x_wconf 88' lang='lat' dir='ltr'>lacere,</span> <span class='ocrx_word' id='word_1_114' title='bbox 1382 1024 1411 1075; x_wconf 92' lang='lat' dir='ltr'>st</span> <span class='ocrx_word' id='word_1_115' title='bbox 1431 1035 1483 1091; x_wconf 89' lang='lat' dir='ltr'>per</span> <span class='ocrx_word' id='word_1_116' title='bbox 1497 1023 1590 1075; x_wconf 89' lang='lat' dir='ltr'>totum</span> <span class='ocrx_word' id='word_1_117' title='bbox 1615 1020 1763 1076; x_wconf 88' lang='lat' dir='ltr'>eumdem</span> <span class='ocrx_word' id='word_1_118' title='bbox 1779 1021 1850 1078; x_wconf 91' lang='lat' dir='ltr'>diem</span> 
     </span>
     <span class='ocr_line' id='line_1_10' title="bbox 146 1104 1852 1182; baseline -0.001 -14"><span class='ocrx_word' id='word_1_119' title='bbox 146 1110 279 1168; x_wconf 80' lang='lat' dir='ltr'>adderent</span> <span class='ocrx_word' id='word_1_120' title='bbox 294 1108 379 1182; x_wconf 82' lang='lat' dir='ltr'>(Psoi.</span> <span class='ocrx_word' id='word_1_121' title='bbox 394 1125 468 1174; x_wconf 83' lang='lat' dir='ltr'>uxxr,</span> <span class='ocrx_word' id='word_1_122' title='bbox 482 1108 536 1179; x_wconf 87' lang='lat'>10).</span> <span class='ocrx_word' id='word_1_123' title='bbox 556 1104 646 1162; x_wconf 90' lang='lat' dir='ltr'>lsaias</span> <span class='ocrx_word' id='word_1_124' title='bbox 662 1121 776 1178; x_wconf 87' lang='lat' dir='ltr'>quoque</span> <span class='ocrx_word' id='word_1_125' title='bbox 792 1104 865 1162; x_wconf 84' lang='lat' dir='ltr'><strong>dixit</strong></span> <span class='ocrx_word' id='word_1_126' title='bbox 880 1122 886 1161; x_wconf 90' lang='lat'>:</span> <span class='ocrx_word' id='word_1_127' title='bbox 905 1106 968 1162; x_wconf 85' lang='lat' dir='ltr'>Om-</span> <span class='ocrx_word' id='word_1_128' title='bbox 1022 1105 1053 1162; x_wconf 94' lang='lat' dir='ltr'>in</span> <span class='ocrx_word' id='word_1_129' title='bbox 1068 1107 1119 1162; x_wconf 79' lang='lat' dir='ltr'>liei</span> <span class='ocrx_word' id='word_1_130' title='bbox 1133 1109 1251 1165; x_wconf 89' lang='lat' dir='ltr'>servitio</span> <span class='ocrx_word' id='word_1_131' title='bbox 1266 1108 1398 1165; x_wconf 89' lang='lat' dir='ltr'>laborare</span> <span class='ocrx_word' id='word_1_132' title='bbox 1409 1108 1542 1182; x_wconf 88' lang='lat' dir='ltr'>satagite,</span> <span class='ocrx_word' id='word_1_133' title='bbox 1558 1112 1590 1164; x_wconf 92' lang='lat' dir='ltr'>ut</span> <span class='ocrx_word' id='word_1_134' title='bbox 1603 1109 1725 1181; x_wconf 89' lang='lat' dir='ltr'>plenius</span> <span class='ocrx_word' id='word_1_135' title='bbox 1742 1109 1852 1168; x_wconf 77' lang='lat' dir='ltr'>discam</span> 
     </span>
     <span class='ocr_line' id='line_1_11' title="bbox 144 1194 1852 1272; baseline -0.001 -14"><span class='ocrx_word' id='word_1_136' title='bbox 144 1217 192 1258; x_wconf 79' lang='lat' dir='ltr'>nes</span> <span class='ocrx_word' id='word_1_137' title='bbox 206 1200 239 1256; x_wconf 85' lang='lat' dir='ltr'>de</span> <span class='ocrx_word' id='word_1_138' title='bbox 250 1199 321 1256; x_wconf 86' lang='lat' dir='ltr'>Sabo</span> <span class='ocrx_word' id='word_1_139' title='bbox 334 1199 453 1266; x_wconf 72' lang='lat' dir='ltr'>emicnt,</span> <span class='ocrx_word' id='word_1_140' title='bbox 466 1212 568 1253; x_wconf 82' lang='lat' dir='ltr'>curum</span> <span class='ocrx_word' id='word_1_141' title='bbox 581 1199 607 1252; x_wconf 86' lang='lat' dir='ltr'>ct</span> <span class='ocrx_word' id='word_1_142' title='bbox 621 1194 682 1251; x_wconf 73' lang='lat' dir='ltr'>ttae</span> <span class='ocrx_word' id='word_1_143' title='bbox 692 1194 853 1268; x_wconf 74' lang='lat' dir='ltr'>desermtce,</span> <span class='ocrx_word' id='word_1_144' title='bbox 865 1203 891 1252; x_wconf 88' lang='lat' dir='ltr'>ct</span> <span class='ocrx_word' id='word_1_145' title='bbox 906 1196 967 1252; x_wconf 82' lang='lat' dir='ltr'>lcu-</span> <span class='ocrx_word' id='word_1_146' title='bbox 1021 1195 1152 1268; x_wconf 91' lang='lat' dir='ltr'>possitis,</span> <span class='ocrx_word' id='word_1_147' title='bbox 1164 1198 1413 1269; x_wconf 86' lang='lat' dir='ltr'>quemadmodum</span> <span class='ocrx_word' id='word_1_148' title='bbox 1430 1201 1558 1270; x_wconf 81' lang='lat' dir='ltr'>amptum</span> <span class='ocrx_word' id='word_1_149' title='bbox 1572 1214 1660 1270; x_wconf 91' lang='lat' dir='ltr'>opus,</span> <span class='ocrx_word' id='word_1_150' title='bbox 1677 1198 1741 1256; x_wconf 91' lang='lat' dir='ltr'>Deo</span> <span class='ocrx_word' id='word_1_151' title='bbox 1758 1200 1852 1272; x_wconf 90' lang='lat' dir='ltr'>opitu·</span> 
     </span>
     <span class='ocr_line' id='line_1_12' title="bbox 143 1283 1851 1359; baseline -0.001 -12"><span class='ocrx_word' id='word_1_152' title='bbox 143 1288 208 1348; x_wconf 64' lang='lat' dir='ltr'>dein</span> <span class='ocrx_word' id='word_1_153' title='bbox 219 1290 335 1346; x_wconf 77' lang='lat' dir='ltr'>uomina</span> <span class='ocrx_word' id='word_1_154' title='bbox 349 1287 546 1343; x_wconf 72' lang='lat' dir='ltr'>annuntiantes</span> <span class='ocrx_word' id='word_1_155' title='bbox 561 1283 626 1357; x_wconf 79' lang='lat' dir='ltr'>(len.</span> <span class='ocrx_word' id='word_1_156' title='bbox 641 1301 685 1355; x_wconf 84' lang='lat' dir='ltr'>ux,</span> <span class='ocrx_word' id='word_1_157' title='bbox 700 1284 738 1355; x_wconf 85' lang='grc'>6).</span> <span class='ocrx_word' id='word_1_158' title='bbox 760 1284 899 1341; x_wconf 84' lang='lat' dir='ltr'>Sanctum</span> <span class='ocrx_word' id='word_1_159' title='bbox 914 1284 966 1340; x_wconf 90' lang='lat' dir='ltr'>da·</span> <span class='ocrx_word' id='word_1_160' title='bbox 1021 1283 1109 1353; x_wconf 89' lang='lat' dir='ltr'>laute,</span> <span class='ocrx_word' id='word_1_161' title='bbox 1125 1285 1281 1342; x_wconf 88' lang='lat' dir='ltr'>salubriter</span> <span class='ocrx_word' id='word_1_162' title='bbox 1295 1285 1445 1359; x_wconf 87' lang='lat' dir='ltr'>expleatis.</span> <span class='ocrx_word' id='word_1_163' title='bbox 1461 1287 1517 1343; x_wconf 87' lang='lat' dir='ltr'>Sed</span> <span class='ocrx_word' id='word_1_164' title='bbox 1532 1286 1601 1359; x_wconf 90' lang='lat' dir='ltr'>quia</span> <span class='ocrx_word' id='word_1_165' title='bbox 1625 1303 1687 1343; x_wconf 90' lang='lat' dir='ltr'>non</span> <span class='ocrx_word' id='word_1_166' title='bbox 1712 1287 1851 1346; x_wconf 87' lang='lat' dir='ltr'>omnibus</span> 
     </span>
     <span class='ocr_line' id='line_1_13' title="bbox 145 1372 1851 1453; baseline -0.001 -16"><span class='ocrx_word' id='word_1_167' title='bbox 145 1379 234 1453; x_wconf 88' lang='lat' dir='ltr'>nique</span> <span class='ocrx_word' id='word_1_168' title='bbox 252 1376 432 1450; x_wconf 90' lang='lat' dir='ltr'>baptismum</span> <span class='ocrx_word' id='word_1_169' title='bbox 447 1374 477 1430; x_wconf 91' lang='lat' dir='ltr'>in</span> <span class='ocrx_word' id='word_1_170' title='bbox 494 1373 536 1430; x_wconf 91' lang='lat' dir='ltr'>eis</span> <span class='ocrx_word' id='word_1_171' title='bbox 559 1389 611 1447; x_wconf 89' lang='lat' dir='ltr'>per</span> <span class='ocrx_word' id='word_1_172' title='bbox 635 1372 690 1429; x_wconf 95' lang='lat' dir='ltr'>hoo</span> <span class='ocrx_word' id='word_1_173' title='bbox 712 1372 897 1446; x_wconf 89' lang='lat' dir='ltr'>designatum</span> <span class='ocrx_word' id='word_1_174' title='bbox 911 1378 966 1442; x_wconf 89' lang='lat' dir='ltr'>est,</span> <span class='ocrx_word' id='word_1_175' title='bbox 1021 1390 1098 1430; x_wconf 92' lang='lat' dir='ltr'>unus</span> <span class='ocrx_word' id='word_1_176' title='bbox 1120 1379 1165 1430; x_wconf 91' lang='lat' dir='ltr'>est</span> <span class='ocrx_word' id='word_1_177' title='bbox 1187 1374 1364 1448; x_wconf 88' lang='lat' dir='ltr'>propositus,</span> <span class='ocrx_word' id='word_1_178' title='bbox 1384 1375 1443 1431; x_wconf 90' lang='lat' dir='ltr'>vita</span> <span class='ocrx_word' id='word_1_179' title='bbox 1466 1373 1639 1432; x_wconf 79' lang='lat' dir='ltr'>olorinorum</span> <span class='ocrx_word' id='word_1_180' title='bbox 1664 1393 1683 1432; x_wconf 91' lang='lat' dir='ltr'>a</span> <span class='ocrx_word' id='word_1_181' title='bbox 1706 1375 1851 1435; x_wconf 88' lang='lat' dir='ltr'>laicorum</span> 
     </span>
     <span class='ocr_line' id='line_1_14' title="bbox 144 1461 1851 1542; baseline -0.001 -17"><span class='ocrx_word' id='word_1_182' title='bbox 144 1469 222 1542; x_wconf 90' lang='lat' dir='ltr'>quod</span> <span class='ocrx_word' id='word_1_183' title='bbox 243 1470 349 1524; x_wconf 76' lang='lat' dir='ltr'>sancte</span> <span class='ocrx_word' id='word_1_184' title='bbox 373 1464 524 1521; x_wconf 70' lang='lat' dir='ltr'><strong>Trinitatis</strong></span> <span class='ocrx_word' id='word_1_185' title='bbox 540 1462 753 1519; x_wconf 84' lang='lat' dir='ltr'>contessionem</span> <span class='ocrx_word' id='word_1_186' title='bbox 778 1463 807 1517; x_wconf 94' lang='lat' dir='ltr'>in</span> <span class='ocrx_word' id='word_1_187' title='bbox 833 1462 897 1535; x_wconf 87' lang='lat' dir='ltr'>ipso</span> <span class='ocrx_word' id='word_1_188' title='bbox 913 1480 966 1519; x_wconf 89' lang='lat' dir='ltr'>suo</span> <span class='ocrx_word' id='word_1_189' title='bbox 1021 1461 1106 1518; x_wconf 89' lang='lat' dir='ltr'>debet</span> <span class='ocrx_word' id='word_1_190' title='bbox 1120 1478 1185 1519; x_wconf 89' lang='lat' dir='ltr'>esse</span> <span class='ocrx_word' id='word_1_191' title='bbox 1199 1463 1416 1520; x_wconf 88' lang='lat' dir='ltr'>conversatione</span> <span class='ocrx_word' id='word_1_192' title='bbox 1431 1469 1551 1520; x_wconf 89' lang='lat' dir='ltr'>remota.</span> <span class='ocrx_word' id='word_1_193' title='bbox 1567 1465 1602 1520; x_wconf 75' lang='lat' dir='ltr'>lit</span> <span class='ocrx_word' id='word_1_194' title='bbox 1616 1464 1669 1536; x_wconf 91' lang='lat' dir='ltr'>qui</span> <span class='ocrx_word' id='word_1_195' title='bbox 1684 1467 1851 1523; x_wconf 88' lang='lat' dir='ltr'>secundum</span> 
     </span>
     <span class='ocr_line' id='line_1_15' title="bbox 143 1549 1851 1628; baseline -0.001 -14"><span class='ocrx_word' id='word_1_196' title='bbox 143 1570 324 1628; x_wconf 88' lang='lat' dir='ltr'>suorumque</span> <span class='ocrx_word' id='word_1_197' title='bbox 334 1568 489 1609; x_wconf 89' lang='lat' dir='ltr'>munerum</span> <span class='ocrx_word' id='word_1_198' title='bbox 501 1567 623 1608; x_wconf 87' lang='lat' dir='ltr'>numero</span> <span class='ocrx_word' id='word_1_199' title='bbox 633 1551 782 1623; x_wconf 89' lang='lat' dir='ltr'>suscipere</span> <span class='ocrx_word' id='word_1_200' title='bbox 793 1552 965 1624; x_wconf 78' lang='lat' dir='ltr'>priusquam</span> <span class='ocrx_word' id='word_1_201' title='bbox 1020 1549 1137 1607; x_wconf 90' lang='lat' dir='ltr'>beatum</span> <span class='ocrx_word' id='word_1_202' title='bbox 1152 1568 1258 1625; x_wconf 88' lang='lat' dir='ltr'>papam</span> <span class='ocrx_word' id='word_1_203' title='bbox 1280 1551 1490 1625; x_wconf 81' lang='lat' dir='ltr'>Telesphorum</span> <span class='ocrx_word' id='word_1_204' title='bbox 1507 1552 1670 1625; x_wconf 82' lang='lat' dir='ltr'>anticipare</span> <span class='ocrx_word' id='word_1_205' title='bbox 1685 1554 1851 1628; x_wconf 75' lang='lat' dir='ltr'>debentJ‘e·</span> 
     </span>
     <span class='ocr_line' id='line_1_16' title="bbox 141 1639 1850 1716; baseline 0 -14"><span class='ocrx_word' id='word_1_206' title='bbox 141 1644 299 1702; x_wconf 86' lang='lat' dir='ltr'>Dominum</span> <span class='ocrx_word' id='word_1_207' title='bbox 318 1643 473 1699; x_wconf 85' lang='lat' dir='ltr'>adorarent</span> <span class='ocrx_word' id='word_1_208' title='bbox 492 1645 663 1697; x_wconf 90' lang='lat' dir='ltr'>meruerunt</span> <span class='ocrx_word' id='word_1_209' title='bbox 678 1657 685 1696; x_wconf 93' lang='lat'><strong>:</strong></span> <span class='ocrx_word' id='word_1_210' title='bbox 703 1640 762 1697; x_wconf 86' lang='lat' dir='ltr'>sive</span> <span class='ocrx_word' id='word_1_211' title='bbox 777 1639 847 1712; x_wconf 93' lang='lat' dir='ltr'>quia</span> <span class='ocrx_word' id='word_1_212' title='bbox 861 1640 964 1709; x_wconf 87' lang='lat' dir='ltr'>Deum,</span> <span class='ocrx_word' id='word_1_213' title='bbox 1016 1639 1101 1710; x_wconf 86' lang='lat' dir='ltr'>junio</span> <span class='ocrx_word' id='word_1_214' title='bbox 1115 1641 1218 1712; x_wconf 82' lang='lat'>(1509),</span> <span class='ocrx_word' id='word_1_215' title='bbox 1235 1657 1288 1697; x_wconf 89' lang='lat' dir='ltr'>sua</span> <span class='ocrx_word' id='word_1_216' title='bbox 1302 1657 1418 1713; x_wconf 91' lang='lat' dir='ltr'>quoque</span> <span class='ocrx_word' id='word_1_217' title='bbox 1433 1641 1562 1714; x_wconf 90' lang='lat' dir='ltr'>primum</span> <span class='ocrx_word' id='word_1_218' title='bbox 1576 1641 1688 1699; x_wconf 89' lang='lat' dir='ltr'>delicta</span> <span class='ocrx_word' id='word_1_219' title='bbox 1704 1644 1850 1716; x_wconf 78' lang='lat' dir='ltr'>paeniten-</span> 
     </span>
     <span class='ocr_line' id='line_1_17' title="bbox 141 1728 1850 1838; baseline 0.001 -47"><span class='ocrx_word' id='word_1_220' title='bbox 141 1750 251 1808; x_wconf 88' lang='lat' dir='ltr'>rsgem,</span> <span class='ocrx_word' id='word_1_221' title='bbox 266 1731 415 1789; x_wconf 90' lang='lat' dir='ltr'>homiuem</span> <span class='ocrx_word' id='word_1_222' title='bbox 430 1729 592 1801; x_wconf 88' lang='lat' dir='ltr'>mortalem,</span> <span class='ocrx_word' id='word_1_223' title='bbox 603 1728 713 1786; x_wconf 91' lang='lat' dir='ltr'>eisdem</span> <span class='ocrx_word' id='word_1_224' title='bbox 729 1729 902 1786; x_wconf 88' lang='lat' dir='ltr'>muneribus</span> <span class='ocrx_word' id='word_1_225' title='bbox 917 1730 966 1787; x_wconf 89' lang='lat' dir='ltr'>de.</span> <span class='ocrx_word' id='word_1_226' title='bbox 982 1729 1058 1838; x_wconf 47' lang='lat' dir='ltr'>B,do</span> <span class='ocrx_word' id='word_1_227' title='bbox 1079 1729 1245 1803; x_wconf 87' lang='lat' dir='ltr'>abstergere</span> <span class='ocrx_word' id='word_1_228' title='bbox 1269 1747 1326 1788; x_wconf 94' lang='lat' dir='ltr'>non</span> <span class='ocrx_word' id='word_1_229' title='bbox 1350 1729 1496 1797; x_wconf 89' lang='lat' dir='ltr'>omittant,</span> <span class='ocrx_word' id='word_1_230' title='bbox 1513 1735 1546 1787; x_wconf 97' lang='grc' dir='ltr'>ιιι</span> <span class='ocrx_word' id='word_1_231' title='bbox 1567 1731 1719 1805; x_wconf 90' lang='lat' dir='ltr'>populum</span> <span class='ocrx_word' id='word_1_232' title='bbox 1744 1739 1850 1793; x_wconf 87' lang='lat' dir='ltr'>statuto</span> 
     </span>
     <span class='ocr_line' id='line_1_18' title="bbox 140 1817 1850 1897; baseline 0.001 -16"><span class='ocrx_word' id='word_1_233' title='bbox 140 1824 333 1893; x_wconf 84' lang='lat' dir='ltr'>claraverunt,</span> <span class='ocrx_word' id='word_1_234' title='bbox 345 1820 422 1894; x_wconf 90' lang='lat' dir='ltr'>quod</span> <span class='ocrx_word' id='word_1_235' title='bbox 437 1818 510 1876; x_wconf 94' lang='lat' dir='ltr'>nulli</span> <span class='ocrx_word' id='word_1_236' title='bbox 531 1817 616 1875; x_wconf 91' lang='lat' dir='ltr'>aliter</span> <span class='ocrx_word' id='word_1_237' title='bbox 630 1818 781 1874; x_wconf 82' lang='lat' dir='ltr'>confitenti</span> <span class='ocrx_word' id='word_1_238' title='bbox 804 1818 897 1891; x_wconf 87' lang='lat' dir='ltr'>gratia</span> <span class='ocrx_word' id='word_1_239' title='bbox 920 1824 965 1876; x_wconf 91' lang='lat' dir='ltr'>est</span> <span class='ocrx_word' id='word_1_240' title='bbox 1020 1818 1068 1874; x_wconf 89' lang='lat' dir='ltr'>die</span> <span class='ocrx_word' id='word_1_241' title='bbox 1082 1818 1200 1892; x_wconf 89' lang='lat' dir='ltr'>dignius</span> <span class='ocrx_word' id='word_1_242' title='bbox 1213 1820 1367 1892; x_wconf 85' lang='lat' dir='ltr'>purificare</span> <span class='ocrx_word' id='word_1_243' title='bbox 1376 1825 1485 1893; x_wconf 91' lang='lat' dir='ltr'>queant</span> <span class='ocrx_word' id='word_1_244' title='bbox 1498 1838 1505 1877; x_wconf 93' lang='lat'>:</span> <span class='ocrx_word' id='word_1_245' title='bbox 1518 1819 1641 1893; x_wconf 92' lang='lat' dir='ltr'>pollutis</span> <span class='ocrx_word' id='word_1_246' title='bbox 1658 1838 1776 1897; x_wconf 82' lang='lat' dir='ltr'>nempe</span> <span class='ocrx_word' id='word_1_247' title='bbox 1790 1824 1850 1896; x_wconf 85' lang='lat' dir='ltr'>quis</span> 
     </span>
     <span class='ocr_line' id='line_1_19' title="bbox 138 1907 1850 1982; baseline 0.002 -13"><span class='ocrx_word' id='word_1_248' title='bbox 138 1912 296 1970; x_wconf 89' lang='lat' dir='ltr'>tribuenda</span> <span class='ocrx_word' id='word_1_249' title='bbox 313 1907 476 1982; x_wconf 90' lang='lat' dir='ltr'>baptismi:</span> <span class='ocrx_word' id='word_1_250' title='bbox 495 1925 546 1965; x_wconf 89' lang='lat' dir='ltr'>seu</span> <span class='ocrx_word' id='word_1_251' title='bbox 568 1907 644 1979; x_wconf 90' lang='lat' dir='ltr'>quod</span> <span class='ocrx_word' id='word_1_252' title='bbox 670 1911 737 1980; x_wconf 89' lang='lat' dir='ltr'>post</span> <span class='ocrx_word' id='word_1_253' title='bbox 764 1907 961 1964; x_wconf 91' lang='lat' dir='ltr'>adorationem</span> <span class='ocrx_word' id='word_1_254' title='bbox 1018 1908 1173 1981; x_wconf 88' lang='lat' dir='ltr'>tangendo,</span> <span class='ocrx_word' id='word_1_255' title='bbox 1191 1908 1379 1982; x_wconf 85' lang='lat' dir='ltr'>coinquinare</span> <span class='ocrx_word' id='word_1_256' title='bbox 1402 1908 1499 1982; x_wconf 92' lang='lat' dir='ltr'>potius</span> <span class='ocrx_word' id='word_1_257' title='bbox 1521 1926 1610 1982; x_wconf 89' lang='lat' dir='ltr'>quam</span> <span class='ocrx_word' id='word_1_258' title='bbox 1627 1912 1798 1970; x_wconf 87' lang='lat' dir='ltr'>emendare</span> <span class='ocrx_word' id='word_1_259' title='bbox 1812 1931 1850 1972; x_wconf 91' lang='lat' dir='ltr'>so·</span> 
     </span>
     <span class='ocr_line' id='line_1_20' title="bbox 138 1993 1849 2073; baseline -0.001 -13"><span class='ocrx_word' id='word_1_260' title='bbox 138 2000 279 2060; x_wconf 85' lang='lat' dir='ltr'>admoniti</span> <span class='ocrx_word' id='word_1_261' title='bbox 308 2003 378 2057; x_wconf 90' lang='lat' dir='ltr'>sunt</span> <span class='ocrx_word' id='word_1_262' title='bbox 403 2014 440 2054; x_wconf 91' lang='lat' dir='ltr'>ne</span> <span class='ocrx_word' id='word_1_263' title='bbox 464 1997 592 2054; x_wconf 87' lang='lat' dir='ltr'>redirent</span> <span class='ocrx_word' id='word_1_264' title='bbox 610 1997 645 2052; x_wconf 89' lang='lat' dir='ltr'>ad</span> <span class='ocrx_word' id='word_1_265' title='bbox 661 1996 815 2068; x_wconf 84' lang='lat' dir='ltr'>Herodem,</span> <span class='ocrx_word' id='word_1_266' title='bbox 832 1997 881 2053; x_wconf 90' lang='lat' dir='ltr'>sed</span> <span class='ocrx_word' id='word_1_267' title='bbox 911 2013 963 2070; x_wconf 87' lang='lat' dir='ltr'>per</span> <span class='ocrx_word' id='word_1_268' title='bbox 1016 1993 1066 2052; x_wconf 88' lang='lat' dir='ltr'>let.</span> <span class='ocrx_word' id='word_1_269' title='bbox 1084 1997 1119 2052; x_wconf 80' lang='lat' dir='ltr'>llt</span> <span class='ocrx_word' id='word_1_270' title='bbox 1137 1996 1201 2053; x_wconf 88' lang='lat' dir='ltr'>ideo</span> <span class='ocrx_word' id='word_1_271' title='bbox 1226 2003 1292 2054; x_wconf 89' lang='lat' dir='ltr'>ante</span> <span class='ocrx_word' id='word_1_272' title='bbox 1316 1996 1525 2055; x_wconf 89' lang='lat' dir='ltr'>omniananus</span> <span class='ocrx_word' id='word_1_273' title='bbox 1555 2003 1676 2055; x_wconf 89' lang='lat' dir='ltr'>nostras</span> <span class='ocrx_word' id='word_1_274' title='bbox 1704 1999 1849 2073; x_wconf 78' lang='lat' dir='ltr'>lavemus,</span> 
     </span>
     <span class='ocr_line' id='line_1_21' title="bbox 137 2083 1849 2160; baseline 0 -11"><span class='ocrx_word' id='word_1_275' title='bbox 137 2090 227 2149; x_wconf 88' lang='lat' dir='ltr'>aliam</span> <span class='ocrx_word' id='word_1_276' title='bbox 241 2088 318 2146; x_wconf 81' lang='grc' dir='ltr'>ιίιιιι</span> <span class='ocrx_word' id='word_1_277' title='bbox 331 2089 544 2144; x_wconf 88' lang='lat' dir='ltr'>reverterentur</span> <span class='ocrx_word' id='word_1_278' title='bbox 556 2085 586 2140; x_wconf 93' lang='lat' dir='ltr'>in</span> <span class='ocrx_word' id='word_1_279' title='bbox 598 2083 747 2157; x_wconf 74' lang='lat' dir='ltr'>regionem</span> <span class='ocrx_word' id='word_1_280' title='bbox 760 2100 843 2140; x_wconf 90' lang='lat' dir='ltr'>suam</span> <span class='ocrx_word' id='word_1_281' title='bbox 855 2085 960 2157; x_wconf 79' lang='lat' dir='ltr'>(unet.</span> <span class='ocrx_word' id='word_1_282' title='bbox 1016 2083 1125 2142; x_wconf 85' lang='lat' dir='ltr'>scilicet</span> <span class='ocrx_word' id='word_1_283' title='bbox 1139 2085 1216 2143; x_wconf 86' lang='lat' dir='ltr'>iacta</span> <span class='ocrx_word' id='word_1_284' title='bbox 1241 2086 1364 2160; x_wconf 86' lang='lat' dir='ltr'>reproba</span> <span class='ocrx_word' id='word_1_285' title='bbox 1388 2087 1487 2144; x_wconf 91' lang='lat' dir='ltr'>studio</span> <span class='ocrx_word' id='word_1_286' title='bbox 1512 2088 1595 2144; x_wconf 78' lang='lat' dir='ltr'>bonae</span> <span class='ocrx_word' id='word_1_287' title='bbox 1611 2092 1849 2150; x_wconf 86' lang='lat' dir='ltr'>conversationis</span> 
     </span>
     <span class='ocr_line' id='line_1_22' title="bbox 136 2172 1848 2251; baseline 0.003 -17"><span class='ocrx_word' id='word_1_288' title='bbox 136 2196 168 2251; x_wconf 85' lang='lat'>11,</span> <span class='ocrx_word' id='word_1_289' title='bbox 183 2178 237 2250; x_wconf 82' lang='lat'>12).</span> <span class='ocrx_word' id='word_1_290' title='bbox 248 2177 322 2233; x_wconf 88' lang='lat' dir='ltr'>Nam</span> <span class='ocrx_word' id='word_1_291' title='bbox 343 2175 404 2232; x_wconf 82' lang='lat' dir='ltr'>hae</span> <span class='ocrx_word' id='word_1_292' title='bbox 420 2173 549 2230; x_wconf 91' lang='lat' dir='ltr'>adoratio</span> <span class='ocrx_word' id='word_1_293' title='bbox 570 2172 751 2245; x_wconf 89' lang='lat' dir='ltr'>baptismum</span> <span class='ocrx_word' id='word_1_294' title='bbox 767 2173 852 2229; x_wconf 89' lang='lat' dir='ltr'>nobis</span> <span class='ocrx_word' id='word_1_295' title='bbox 875 2173 960 2230; x_wconf 91' lang='lat' dir='ltr'>inno·</span> <span class='ocrx_word' id='word_1_296' title='bbox 1015 2174 1206 2231; x_wconf 88' lang='lat' dir='ltr'>enendemus</span> <span class='ocrx_word' id='word_1_297' title='bbox 1223 2192 1230 2232; x_wconf 75' lang='grc' dir='ltr'><strong><em>ε</em></strong></span> <span class='ocrx_word' id='word_1_298' title='bbox 1245 2181 1275 2232; x_wconf 89' lang='grc' dir='ltr'>ιι</span> <span class='ocrx_word' id='word_1_299' title='bbox 1298 2177 1340 2233; x_wconf 92' lang='lat' dir='ltr'>sic</span> <span class='ocrx_word' id='word_1_300' title='bbox 1364 2193 1415 2250; x_wconf 88' lang='lat' dir='ltr'>per</span> <span class='ocrx_word' id='word_1_301' title='bbox 1435 2176 1565 2233; x_wconf 85' lang='lat' dir='ltr'>divinam</span> <span class='ocrx_word' id='word_1_302' title='bbox 1591 2178 1848 2239; x_wconf 84' lang='lat' dir='ltr'>ministrationem</span> 
     </span>
     <span class='ocr_line' id='line_1_23' title="bbox 135 2261 1848 2339; baseline 0.004 -17"><span class='ocrx_word' id='word_1_303' title='bbox 135 2265 194 2323; x_wconf 91' lang='lat' dir='ltr'>tuit</span> <span class='ocrx_word' id='word_1_304' title='bbox 208 2267 260 2338; x_wconf 86' lang='lat' dir='ltr'>[ite</span> <span class='ocrx_word' id='word_1_305' title='bbox 273 2264 343 2336; x_wconf 75' lang='lat' dir='ltr'>cod]</span> <span class='ocrx_word' id='word_1_306' title='bbox 355 2262 581 2337; x_wconf 89' lang='lat' dir='ltr'>quodammodo.</span> <span class='ocrx_word' id='word_1_307' title='bbox 598 2261 686 2334; x_wconf 80' lang='lat' dir='ltr'>Regio</span> <span class='ocrx_word' id='word_1_308' title='bbox 699 2261 776 2318; x_wconf 89' lang='lat' dir='ltr'>enim</span> <span class='ocrx_word' id='word_1_309' title='bbox 793 2266 894 2317; x_wconf 90' lang='lat' dir='ltr'>nostra</span> <span class='ocrx_word' id='word_1_310' title='bbox 908 2278 958 2334; x_wconf 90' lang='lat' dir='ltr'>pa·</span> <span class='ocrx_word' id='word_1_311' title='bbox 1014 2261 1139 2319; x_wconf 91' lang='lat' dir='ltr'>aliorum</span> <span class='ocrx_word' id='word_1_312' title='bbox 1161 2263 1252 2337; x_wconf 81' lang='lat' dir='ltr'>culpa</span> <span class='ocrx_word' id='word_1_313' title='bbox 1272 2265 1403 2322; x_wconf 90' lang='lat' dir='ltr'>maculas</span> <span class='ocrx_word' id='word_1_314' title='bbox 1429 2265 1539 2322; x_wconf 89' lang='lat' dir='ltr'>diluere</span> <span class='ocrx_word' id='word_1_315' title='bbox 1562 2264 1755 2339; x_wconf 89' lang='lat' dir='ltr'>laboremus,</span> <span class='ocrx_word' id='word_1_316' title='bbox 1773 2273 1848 2328; x_wconf 81' lang='lat' dir='ltr'>auxi·</span> 
     </span>
     <span class='ocr_line' id='line_1_24' title="bbox 136 2346 1847 2429; baseline 0.002 -19"><span class='ocrx_word' id='word_1_317' title='bbox 136 2354 253 2412; x_wconf 88' lang='lat' dir='ltr'>radisus</span> <span class='ocrx_word' id='word_1_318' title='bbox 281 2358 336 2422; x_wconf 89' lang='lat' dir='ltr'>est,</span> <span class='ocrx_word' id='word_1_319' title='bbox 360 2369 377 2410; x_wconf 91' lang='grc' dir='ltr'>ι</span> <span class='ocrx_word' id='word_1_320' title='bbox 405 2367 464 2426; x_wconf 88' lang='lat' dir='ltr'>qua</span> <span class='ocrx_word' id='word_1_321' title='bbox 493 2367 544 2424; x_wconf 89' lang='lat' dir='ltr'>per</span> <span class='ocrx_word' id='word_1_322' title='bbox 572 2349 687 2423; x_wconf 88' lang='lat' dir='ltr'>culpam</span> <span class='ocrx_word' id='word_1_323' title='bbox 716 2350 803 2423; x_wconf 90' lang='lat' dir='ltr'>primi</span> <span class='ocrx_word' id='word_1_324' title='bbox 830 2349 959 2406; x_wconf 92' lang='lat' dir='ltr'>hominis</span> <span class='ocrx_word' id='word_1_325' title='bbox 1012 2346 1102 2407; x_wconf 91' lang='lat' dir='ltr'>liante</span> <span class='ocrx_word' id='word_1_326' title='bbox 1130 2353 1253 2408; x_wconf 84' lang='lat' dir='ltr'>Domino</span> <span class='ocrx_word' id='word_1_327' title='bbox 1281 2358 1380 2410; x_wconf 86' lang='lat' dir='ltr'>nostro</span> <span class='ocrx_word' id='word_1_328' title='bbox 1408 2353 1477 2410; x_wconf 87' lang='lat' dir='ltr'>Jesu</span> <span class='ocrx_word' id='word_1_329' title='bbox 1502 2354 1636 2422; x_wconf 87' lang='lat' dir='ltr'>Christo,</span> <span class='ocrx_word' id='word_1_330' title='bbox 1662 2357 1759 2428; x_wconf 86' lang='lat' dir='ltr'>cuius</span> <span class='ocrx_word' id='word_1_331' title='bbox 1785 2376 1847 2429; x_wconf 31' lang='lat' dir='ltr'>sau·-⁴</span> 
     </span>
     <span class='ocr_line' id='line_1_25' title="bbox 135 2434 1848 2518; baseline 0.004 -18"><span class='ocrx_word' id='word_1_332' title='bbox 135 2443 227 2515; x_wconf 80' lang='lat' dir='ltr'>ejecti,</span> <span class='ocrx_word' id='word_1_333' title='bbox 244 2443 295 2500; x_wconf 92' lang='lat' dir='ltr'>diu</span> <span class='ocrx_word' id='word_1_334' title='bbox 310 2442 339 2497; x_wconf 91' lang='lat' dir='ltr'>in</span> <span class='ocrx_word' id='word_1_335' title='bbox 363 2441 480 2514; x_wconf 90' lang='lat' dir='ltr'>regione</span> <span class='ocrx_word' id='word_1_336' title='bbox 495 2438 626 2505; x_wconf 88' lang='lat' dir='ltr'>Herodis,</span> <span class='ocrx_word' id='word_1_337' title='bbox 641 2439 670 2495; x_wconf 94' lang='lat' dir='ltr'>id</span> <span class='ocrx_word' id='word_1_338' title='bbox 695 2443 740 2495; x_wconf 91' lang='lat' dir='ltr'>est</span> <span class='ocrx_word' id='word_1_339' title='bbox 763 2440 792 2494; x_wconf 94' lang='lat' dir='ltr'>in</span> <span class='ocrx_word' id='word_1_340' title='bbox 815 2444 958 2511; x_wconf 88' lang='lat' dir='ltr'>potestate</span> <span class='ocrx_word' id='word_1_341' title='bbox 1012 2438 1100 2510; x_wconf 87' lang='lat' dir='ltr'>guina</span> <span class='ocrx_word' id='word_1_342' title='bbox 1125 2456 1229 2497; x_wconf 89' lang='lat' dir='ltr'>sumus</span> <span class='ocrx_word' id='word_1_343' title='bbox 1249 2442 1391 2514; x_wconf 88' lang='lat' dir='ltr'>redempti</span> <span class='ocrx_word' id='word_1_344' title='bbox 1415 2447 1443 2498; x_wconf 91' lang='lat' dir='ltr'>et</span> <span class='ocrx_word' id='word_1_345' title='bbox 1466 2442 1650 2515; x_wconf 85' lang='lat' dir='ltr'>providentia</span> <span class='ocrx_word' id='word_1_346' title='bbox 1673 2434 1848 2518; x_wconf 80' lang='lat' dir='ltr'>gubsmati.</span> 
     </span>
     <span class='ocr_line' id='line_1_26' title="bbox 134 2528 1113 2603; baseline -0.004 -15"><span class='ocrx_word' id='word_1_347' title='bbox 134 2530 253 2603; x_wconf 90' lang='lat' dir='ltr'>diaboli,</span> <span class='ocrx_word' id='word_1_348' title='bbox 275 2531 398 2588; x_wconf 90' lang='lat' dir='ltr'>errando</span> <span class='ocrx_word' id='word_1_349' title='bbox 422 2529 588 2602; x_wconf 82' lang='lat' dir='ltr'>deguimus.</span> <span class='ocrx_word' id='word_1_350' title='bbox 604 2529 659 2585; x_wconf 86' lang='lat' dir='ltr'>Sed</span> <span class='ocrx_word' id='word_1_351' title='bbox 684 2533 839 2600; x_wconf 89' lang='lat' dir='ltr'>postquam</span> <span class='ocrx_word' id='word_1_352' title='bbox 864 2528 956 2584; x_wconf 87' lang='lat' dir='ltr'>Deum</span> <span class='ocrx_word' id='word_1_353' title='bbox 1010 2529 1113 2584; x_wconf 80' lang='lat' dir='ltr'>Amen.</span> 
     </span>
    </p>

    <p class='ocr_par' dir='ltr' id='par_1_3' title="bbox 134 2616 1512 2688">
     <span class='ocr_line' id='line_1_27' title="bbox 134 2616 1512 2688; baseline 0 -12"><span class='ocrx_word' id='word_1_354' title='bbox 134 2619 276 2676; x_wconf 89' lang='lat' dir='ltr'>catholice</span> <span class='ocrx_word' id='word_1_355' title='bbox 290 2619 473 2687; x_wconf 86' lang='lat' dir='ltr'>confitemur,</span> <span class='ocrx_word' id='word_1_356' title='bbox 490 2633 614 2688; x_wconf 90' lang='lat' dir='ltr'>eumque</span> <span class='ocrx_word' id='word_1_357' title='bbox 630 2616 666 2671; x_wconf 91' lang='lat' dir='ltr'>ad</span> <span class='ocrx_word' id='word_1_358' title='bbox 682 2618 862 2672; x_wconf 89' lang='lat' dir='ltr'>adorandum</span> <span class='ocrx_word' id='word_1_359' title='bbox 880 2617 957 2672; x_wconf 90' lang='lat' dir='ltr'>lonts</span> <span class='ocrx_word' id='word_1_360' title='bbox 1329 2620 1450 2677; x_wconf 74' lang='lat' dir='ltr'>sentio</span> <span class='ocrx_word' id='word_1_361' title='bbox 1464 2619 1512 2676; x_wconf 89' lang='lat' dir='ltr'>Vl.</span> 
     </span>
    </p>

    <p class='ocr_par' dir='ltr' id='par_1_4' title="bbox 132 2704 1605 2782">
     <span class='ocr_line' id='line_1_28' title="bbox 132 2704 1605 2782; baseline 0.001 -18"><span class='ocrx_word' id='word_1_362' title='bbox 132 2707 320 2782; x_wconf 89' lang='lat' dir='ltr'>baptismatis</span> <span class='ocrx_word' id='word_1_363' title='bbox 340 2710 428 2779; x_wconf 88' lang='lat' dir='ltr'>caput</span> <span class='ocrx_word' id='word_1_364' title='bbox 452 2704 667 2777; x_wconf 81' lang='lat' dir='ltr'>immergimus,</span> <span class='ocrx_word' id='word_1_365' title='bbox 685 2721 720 2760; x_wconf 92' lang='lat' dir='ltr'>ne</span> <span class='ocrx_word' id='word_1_366' title='bbox 744 2705 898 2761; x_wconf 88' lang='lat' dir='ltr'>redeamus</span> <span class='ocrx_word' id='word_1_367' title='bbox 919 2705 954 2760; x_wconf 92' lang='lat' dir='ltr'>ad</span> <span class='ocrx_word' id='word_1_368' title='bbox 1234 2724 1350 2773; x_wconf 73' lang='lat' dir='ltr'>arnor-ru</span> <span class='ocrx_word' id='word_1_369' title='bbox 1369 2725 1467 2765; x_wconf 77' lang='lat' dir='ltr'>casare</span> <span class='ocrx_word' id='word_1_370' title='bbox 1484 2726 1605 2766; x_wconf 74' lang='lat' dir='ltr'>saecun.</span> 
     </span>
    </p>
   </div>
   <div class='ocr_carea' id='block_1_3' title="bbox 132 2793 1841 2896">
    <p class='ocr_par' dir='ltr' id='par_1_5' title="bbox 132 2793 1841 2896">
     <span class='ocr_line' id='line_1_29' title="bbox 132 2793 1841 2896; baseline 0.008 -43"><span class='ocrx_word' id='word_1_371' title='bbox 132 2795 274 2854; x_wconf 79' lang='lat' dir='ltr'>licrodem</span> <span class='ocrx_word' id='word_1_372' title='bbox 289 2796 403 2853; x_wconf 90' lang='lat' dir='ltr'>cunctis</span> <span class='ocrx_word' id='word_1_373' title='bbox 414 2798 522 2851; x_wconf 82' lang='lat' dir='ltr'>sancte</span> <span class='ocrx_word' id='word_1_374' title='bbox 534 2794 688 2866; x_wconf 78' lang='lat' dir='ltr'>Scriptura</span> <span class='ocrx_word' id='word_1_375' title='bbox 703 2793 889 2867; x_wconf 88' lang='lat' dir='ltr'>dogmatibus</span> <span class='ocrx_word' id='word_1_376' title='bbox 905 2794 955 2849; x_wconf 91' lang='lat' dir='ltr'>ad·</span> <span class='ocrx_word' id='word_1_377' title='bbox 1093 2830 1221 2887; x_wconf 56' lang='lat' dir='ltr'>congru,</span> <span class='ocrx_word' id='word_1_378' title='bbox 1236 2820 1281 2872; x_wconf 62' lang='lat' dir='ltr'>gg,</span> <span class='ocrx_word' id='word_1_379' title='bbox 1295 2832 1378 2888; x_wconf 48' lang='lat' dir='ltr'>pen„</span> <span class='ocrx_word' id='word_1_380' title='bbox 1396 2816 1533 2887; x_wconf 55' lang='lat' dir='ltr'>quppiam</span> <span class='ocrx_word' id='word_1_381' title='bbox 1553 2833 1625 2874; x_wconf 52' lang='lat' dir='ltr'>cum</span> <span class='ocrx_word' id='word_1_382' title='bbox 1644 2821 1841 2896; x_wconf 53' lang='lat' dir='ltr'>quadragesi.</span> 
     </span>
    </p>
   </div>
   <div class='ocr_carea' id='block_1_4' title="bbox 130 2882 1843 3252">
    <p class='ocr_par' dir='ltr' id='par_1_6' title="bbox 130 2882 1843 3252">
     <span class='ocr_line' id='line_1_30' title="bbox 132 2882 1843 2977; baseline 0.012 -29"><span class='ocrx_word' id='word_1_383' title='bbox 132 2901 297 2943; x_wconf 75' lang='lat' dir='ltr'>monemur·</span> <span class='ocrx_word' id='word_1_384' title='bbox 326 2885 454 2942; x_wconf 70' lang='lat' dir='ltr'>Her⁰d0⁸</span> <span class='ocrx_word' id='word_1_385' title='bbox 481 2899 608 2955; x_wconf 60' lang='lat' dir='ltr'><strong>namque</strong></span> <span class='ocrx_word' id='word_1_386' title='bbox 630 2883 772 2939; x_wconf 52' lang='lat' dir='ltr'>dimum</span> <span class='ocrx_word' id='word_1_387' title='bbox 799 2882 954 2955; x_wconf 61' lang='lat' dir='ltr'>fllssssilissssb</span> <span class='ocrx_word' id='word_1_388' title='bbox 1010 2918 1091 2958; x_wconf 92' lang='lat' dir='ltr'>mum</span> <span class='ocrx_word' id='word_1_389' title='bbox 1102 2902 1145 2959; x_wconf 89' lang='lat' dir='ltr'>vel</span> <span class='ocrx_word' id='word_1_390' title='bbox 1157 2905 1438 2976; x_wconf 84' lang='lat' dir='ltr'>potius...cesimum</span> <span class='ocrx_word' id='word_1_391' title='bbox 1449 2922 1501 2962; x_wconf 93' lang='lat' dir='ltr'>seu</span> <span class='ocrx_word' id='word_1_392' title='bbox 1512 2904 1598 2977; x_wconf 86' lang='lat' dir='ltr'>alicuj</span> <span class='ocrx_word' id='word_1_393' title='bbox 1604 2924 1641 2963; x_wconf 91' lang='lat' dir='ltr'>us</span> <span class='ocrx_word' id='word_1_394' title='bbox 1652 2907 1785 2968; x_wconf 92' lang='lat' dir='ltr'>alterius</span> <span class='ocrx_word' id='word_1_395' title='bbox 1797 2930 1843 2968; x_wconf 92' lang='lat' dir='ltr'>nu·</span> 
     </span>
     <span class='ocr_line' id='line_1_31' title="bbox 131 2971 1841 3072; baseline 0.006 -40"><span class='ocrx_word' id='word_1_396' title='bbox 131 2975 208 3032; x_wconf 90' lang='lat' dir='ltr'>sicut</span> <span class='ocrx_word' id='word_1_397' title='bbox 222 2976 287 3048; x_wconf 90' lang='lat' dir='ltr'>ejus</span> <span class='ocrx_word' id='word_1_398' title='bbox 302 2972 504 3045; x_wconf 87' lang='lat' dir='ltr'>interpretatio</span> <span class='ocrx_word' id='word_1_399' title='bbox 520 2972 648 3028; x_wconf 90' lang='lat' dir='ltr'>nominis</span> <span class='ocrx_word' id='word_1_400' title='bbox 663 2971 812 3028; x_wconf 85' lang='lat' dir='ltr'>clarificat.</span> <span class='ocrx_word' id='word_1_401' title='bbox 830 2971 910 3028; x_wconf 86' lang='lat' dir='ltr'>Unda</span> <span class='ocrx_word' id='word_1_402' title='bbox 926 2976 955 3028; x_wconf 91' lang='lat' dir='ltr'>et</span> <span class='ocrx_word' id='word_1_403' title='bbox 1008 2993 1080 3046; x_wconf 60' lang='lat' dir='ltr'><strong>meri</strong></span> <span class='ocrx_word' id='word_1_404' title='bbox 1093 2992 1219 3065; x_wconf 87' lang='lat' dir='ltr'>magis...</span> <span class='ocrx_word' id='word_1_405' title='bbox 1229 2994 1467 3066; x_wconf 55' lang='lat' dir='ltr'>jejuniquwd</span> <span class='ocrx_word' id='word_1_406' title='bbox 1481 2995 1564 3051; x_wconf 59' lang='lat' dir='ltr'>facile</span> <span class='ocrx_word' id='word_1_407' title='bbox 1574 3000 1669 3066; x_wconf 64' lang='lat' dir='ltr'>patet,</span> <span class='ocrx_word' id='word_1_408' title='bbox 1683 2998 1713 3054; x_wconf 66' lang='lat' dir='ltr'>gi</span> <span class='ocrx_word' id='word_1_409' title='bbox 1725 3001 1841 3072; x_wconf 59' lang='lat' dir='ltr'>mm,</span> 
     </span>
     <span class='ocr_line' id='line_1_32' title="bbox 130 3060 1840 3152; baseline 0.006 -16"><span class='ocrx_word' id='word_1_410' title='bbox 130 3080 182 3136; x_wconf 68' lang='lat' dir='ltr'>Tel</span> <span class='ocrx_word' id='word_1_411' title='bbox 196 3063 283 3121; x_wconf 63' lang='lat' dir='ltr'>filim</span> <span class='ocrx_word' id='word_1_412' title='bbox 297 3063 374 3119; x_wconf 70' lang='lat' dir='ltr'>mam</span> <span class='ocrx_word' id='word_1_413' title='bbox 399 3065 528 3118; x_wconf 57' lang='lat' dir='ltr'>¹¹⁰⁸lfflffl</span> <span class='ocrx_word' id='word_1_414' title='bbox 546 3062 683 3132; x_wconf 62' lang='lat' dir='ltr'>lellssdssfe</span> <span class='ocrx_word' id='word_1_415' title='bbox 706 3061 831 3132; x_wconf 57' lang='lat' dir='ltr'>Patriam</span> <span class='ocrx_word' id='word_1_416' title='bbox 847 3060 953 3115; x_wconf 60' lang='lat' dir='ltr'>‘illinis</span> <span class='ocrx_word' id='word_1_417' title='bbox 1007 3084 1138 3152; x_wconf 88' lang='lat' dir='ltr'>tempora</span> <span class='ocrx_word' id='word_1_418' title='bbox 1146 3081 1188 3138; x_wconf 89' lang='lat' dir='ltr'>vel</span> <span class='ocrx_word' id='word_1_419' title='bbox 1198 3082 1221 3138; x_wconf 92' lang='lat' dir='ltr'>si</span> <span class='ocrx_word' id='word_1_420' title='bbox 1233 3083 1451 3140; x_wconf 91' lang='lat' dir='ltr'>consideremus</span> <span class='ocrx_word' id='word_1_421' title='bbox 1462 3087 1840 3152; x_wconf 87' lang='lat' dir='ltr'>auctores.Quatuor...ad·</span> 
     </span>
     <span class='ocr_line' id='line_1_33' title="bbox 130 3141 1838 3252; baseline 0.006 -41"><span class='ocrx_word' id='word_1_422' title='bbox 130 3153 380 3211; x_wconf 85' lang='lat' dir='ltr'>admonitionibus</span> <span class='ocrx_word' id='word_1_423' title='bbox 404 3151 572 3220; x_wconf 91' lang='lat' dir='ltr'>suademur,</span> <span class='ocrx_word' id='word_1_424' title='bbox 589 3149 685 3222; x_wconf 91' lang='lat' dir='ltr'>utqui</span> <span class='ocrx_word' id='word_1_425' title='bbox 706 3149 790 3205; x_wconf 86' lang='lat' dir='ltr'>devia</span> <span class='ocrx_word' id='word_1_426' title='bbox 813 3141 987 3208; x_wconf 83' lang='lat' dir='ltr'>vitiorumC</span> <span class='ocrx_word' id='word_1_427' title='bbox 1007 3168 1064 3224; x_wconf 65' lang='lat' dir='ltr'>huc</span> <span class='ocrx_word' id='word_1_428' title='bbox 1079 3170 1191 3226; x_wconf 60' lang='lat' dir='ltr'>numeri</span> <span class='ocrx_word' id='word_1_429' title='bbox 1204 3188 1351 3228; x_wconf 63' lang='lat' dir='ltr'>summam</span> <span class='ocrx_word' id='word_1_430' title='bbox 1367 3173 1525 3245; x_wconf 55' lang='lat' dir='ltr'>appingunt,</span> <span class='ocrx_word' id='word_1_431' title='bbox 1537 3173 1615 3230; x_wconf 61' lang='lat' dir='ltr'>Bene</span> <span class='ocrx_word' id='word_1_432' title='bbox 1626 3191 1703 3248; x_wconf 58' lang='lat' dir='ltr'>ergo</span> <span class='ocrx_word' id='word_1_433' title='bbox 1716 3178 1838 3252; x_wconf 53' lang='lat' dir='ltr'>Moyggg</span> 
     </span>
    </p>
   </div>
   <div class='ocr_carea' id='block_1_5' title="bbox 19 3238 1835 3338">
    <p class='ocr_par' dir='ltr' id='par_1_7' title="bbox 19 3238 1835 3338">
     <span class='ocr_line' id='line_1_34' title="bbox 19 3238 1835 3338; baseline 0.006 -40"><span class='ocrx_word' id='word_1_434' title='bbox 19 3263 22 3272; x_wconf 93' lang='lat'>·</span> <span class='ocrx_word' id='word_1_435' title='bbox 129 3243 267 3300; x_wconf 64' lang='lat' dir='ltr'>secundo</span> <span class='ocrx_word' id='word_1_436' title='bbox 282 3240 452 3312; x_wconf 88' lang='lat' dir='ltr'>cecidimus,</span> <span class='ocrx_word' id='word_1_437' title='bbox 468 3256 519 3312; x_wconf 93' lang='lat' dir='ltr'>per</span> <span class='ocrx_word' id='word_1_438' title='bbox 532 3238 675 3294; x_wconf 83' lang='lat' dir='ltr'>virtutum</span> <span class='ocrx_word' id='word_1_439' title='bbox 689 3238 838 3294; x_wconf 90' lang='lat' dir='ltr'>tramitem</span> <span class='ocrx_word' id='word_1_440' title='bbox 854 3255 952 3295; x_wconf 89' lang='lat' dir='ltr'>ascen·</span> <span class='ocrx_word' id='word_1_441' title='bbox 1005 3256 1099 3331; x_wconf 61' lang='lat' dir='ltr'>legem</span> <span class='ocrx_word' id='word_1_442' title='bbox 1115 3259 1248 3333; x_wconf 61' lang='lat'>00021031</span> <span class='ocrx_word' id='word_1_443' title='bbox 1272 3261 1428 3334; x_wconf 58' lang='lat' dir='ltr'>accipiens,</span> <span class='ocrx_word' id='word_1_444' title='bbox 1440 3266 1544 3334; x_wconf 55' lang='lat' dir='ltr'>quate,</span> <span class='ocrx_word' id='word_1_445' title='bbox 1557 3262 1657 3320; x_wconf 65' lang='lat'>(100505</span> <span class='ocrx_word' id='word_1_446' title='bbox 1678 3266 1835 3338; x_wconf 48' lang='lat' dir='ltr'>jejunam</span> 
     </span>
    </p>
   </div>
   <div class='ocr_carea' id='block_1_6' title="bbox 86 3331 1838 5113">
    <p class='ocr_par' dir='ltr' id='par_1_8' title="bbox 129 3331 1837 3515">
     <span class='ocr_line' id='line_1_35' title="bbox 129 3331 1837 3430; baseline 0.015 -41"><span class='ocrx_word' id='word_1_447' title='bbox 129 3331 198 3389; x_wconf 88' lang='lat' dir='ltr'>dore</span> <span class='ocrx_word' id='word_1_448' title='bbox 212 3347 340 3388; x_wconf 91' lang='lat' dir='ltr'>summo.</span> <span class='ocrx_word' id='word_1_449' title='bbox 356 3371 362 3385; x_wconf 91' lang='lat'>.</span> <span class='ocrx_word' id='word_1_450' title='bbox 381 3373 389 3386; x_wconf 92' lang='lat'>.</span> <span class='ocrx_word' id='word_1_451' title='bbox 407 3373 413 3388; x_wconf 91' lang='lat'>.</span> <span class='ocrx_word' id='word_1_452' title='bbox 1005 3352 1038 3402; x_wconf 92' lang='lat' dir='ltr'>ut</span> <span class='ocrx_word' id='word_1_453' title='bbox 1051 3364 1103 3420; x_wconf 89' lang='lat' dir='ltr'>per</span> <span class='ocrx_word' id='word_1_454' title='bbox 1116 3348 1549 3424; x_wconf 83' lang='lat' dir='ltr'>hocostenderst,in1)ecalogo</span> <span class='ocrx_word' id='word_1_455' title='bbox 1562 3351 1682 3409; x_wconf 90' lang='lat' dir='ltr'>nullam</span> <span class='ocrx_word' id='word_1_456' title='bbox 1695 3370 1766 3414; x_wconf 89' lang='lat' dir='ltr'>esse</span> <span class='ocrx_word' id='word_1_457' title='bbox 1779 3373 1837 3430; x_wconf 75' lang='lat' dir='ltr'>per</span> 
     </span>
     <span class='ocr_line' id='line_1_36' title="bbox 447 3417 1833 3515; baseline 0.015 -33"><span class='ocrx_word' id='word_1_458' title='bbox 447 3417 569 3475; x_wconf 72' lang='lat' dir='ltr'>SERMO</span> <span class='ocrx_word' id='word_1_459' title='bbox 596 3421 630 3472; x_wconf 89' lang='lat' dir='ltr'>V·</span> <span class='ocrx_word' id='word_1_460' title='bbox 1004 3436 1169 3504; x_wconf 84' lang='lat' dir='ltr'>lectionem,</span> <span class='ocrx_word' id='word_1_461' title='bbox 1180 3438 1237 3495; x_wconf 90' lang='lat' dir='ltr'>nisi</span> <span class='ocrx_word' id='word_1_462' title='bbox 1251 3437 1342 3495; x_wconf 90' lang='lat' dir='ltr'>sancti</span> <span class='ocrx_word' id='word_1_463' title='bbox 1353 3439 1501 3513; x_wconf 79' lang='lat' dir='ltr'>llvnngslii</span> <span class='ocrx_word' id='word_1_464' title='bbox 1513 3440 1609 3512; x_wconf 90' lang='lat' dir='ltr'>gratia</span> <span class='ocrx_word' id='word_1_465' title='bbox 1618 3441 1833 3515; x_wconf 86' lang='lat' dir='ltr'>illustraretur,</span> 
     </span>
    </p>

    <p class='ocr_par' dir='ltr' id='par_1_9' title="bbox 399 3522 1834 3604">
     <span class='ocr_line' id='line_1_37' title="bbox 399 3522 1834 3604; baseline 0.016 -34"><span class='ocrx_word' id='word_1_466' title='bbox 399 3525 429 3563; x_wconf 72' lang='lat' dir='ltr'>tu</span> <span class='ocrx_word' id='word_1_467' title='bbox 447 3523 546 3563; x_wconf 60' lang='lat' dir='ltr'>cerm</span> <span class='ocrx_word' id='word_1_468' title='bbox 563 3522 682 3562; x_wconf 64' lang='lat' dir='ltr'><strong>JEJUNH·</strong></span> <span class='ocrx_word' id='word_1_469' title='bbox 1003 3526 1081 3597; x_wconf 94' lang='lat' dir='ltr'>quod</span> <span class='ocrx_word' id='word_1_470' title='bbox 1092 3526 1270 3598; x_wconf 80' lang='lat' dir='ltr'>quadrifario</span> <span class='ocrx_word' id='word_1_471' title='bbox 1281 3527 1356 3603; x_wconf 85' lang='lat' dir='ltr'>stylo</span> <span class='ocrx_word' id='word_1_472' title='bbox 1366 3529 1549 3585; x_wconf 90' lang='lat' dir='ltr'>describitur.</span> <span class='ocrx_word' id='word_1_473' title='bbox 1562 3527 1634 3587; x_wconf 73' lang='lat' dir='ltr'>Elias</span> <span class='ocrx_word' id='word_1_474' title='bbox 1645 3547 1772 3604; x_wconf 89' lang='lat' dir='ltr'>quoque</span> <span class='ocrx_word' id='word_1_475' title='bbox 1783 3535 1834 3593; x_wconf 89' lang='lat' dir='ltr'>hoc</span> 
     </span>
    </p>

    <p class='ocr_par' dir='ltr' id='par_1_10' title="bbox 86 3611 1838 5113">
     <span class='ocr_line' id='line_1_38' title="bbox 162 3611 1831 3691; baseline 0.004 -18"><span class='ocrx_word' id='word_1_476' title='bbox 162 3616 289 3687; x_wconf 79' lang='lat' dir='ltr'>Quoties,</span> <span class='ocrx_word' id='word_1_477' title='bbox 306 3614 412 3671; x_wconf 86' lang='lat' dir='ltr'>iratres</span> <span class='ocrx_word' id='word_1_478' title='bbox 435 3611 613 3680; x_wconf 87' lang='lat' dir='ltr'>charissimi,</span> <span class='ocrx_word' id='word_1_479' title='bbox 630 3652 637 3666; x_wconf 89' lang='lat'>.</span> <span class='ocrx_word' id='word_1_480' title='bbox 656 3652 662 3666; x_wconf 93' lang='lat'>.</span> <span class='ocrx_word' id='word_1_481' title='bbox 681 3652 687 3666; x_wconf 96' lang='lat'>.</span> <span class='ocrx_word' id='word_1_482' title='bbox 707 3616 866 3683; x_wconf 88' lang='lat' dir='ltr'>apparatus</span> <span class='ocrx_word' id='word_1_483' title='bbox 890 3612 948 3666; x_wconf 86' lang='lat' dir='ltr'>ire·</span> <span class='ocrx_word' id='word_1_484' title='bbox 998 3614 1145 3685; x_wconf 87' lang='lat' dir='ltr'>jejunium</span> <span class='ocrx_word' id='word_1_485' title='bbox 1160 3632 1332 3673; x_wconf 90' lang='lat' dir='ltr'>concessum</span> <span class='ocrx_word' id='word_1_486' title='bbox 1346 3623 1390 3674; x_wconf 89' lang='lat' dir='ltr'>est</span> <span class='ocrx_word' id='word_1_487' title='bbox 1412 3619 1569 3690; x_wconf 72' lang='lat' dir='ltr'>prophetes,</span> <span class='ocrx_word' id='word_1_488' title='bbox 1582 3621 1655 3691; x_wconf 88' lang='lat' dir='ltr'>quia</span> <span class='ocrx_word' id='word_1_489' title='bbox 1671 3628 1705 3678; x_wconf 92' lang='lat' dir='ltr'>st</span> <span class='ocrx_word' id='word_1_490' title='bbox 1720 3622 1831 3680; x_wconf 85' lang='lat' dir='ltr'>Veteris</span> 
     </span>
     <span class='ocr_line' id='line_1_39' title="bbox 126 3699 1830 3778; baseline 0.005 -18"><span class='ocrx_word' id='word_1_491' title='bbox 126 3704 245 3778; x_wconf 87' lang='lat' dir='ltr'>quantia</span> <span class='ocrx_word' id='word_1_492' title='bbox 259 3703 345 3760; x_wconf 89' lang='lat' dir='ltr'>etiam</span> <span class='ocrx_word' id='word_1_493' title='bbox 359 3745 365 3758; x_wconf 96' lang='lat'>.</span> <span class='ocrx_word' id='word_1_494' title='bbox 379 3745 386 3758; x_wconf 95' lang='lat'>.</span> <span class='ocrx_word' id='word_1_495' title='bbox 400 3743 407 3757; x_wconf 94' lang='lat'>.</span> <span class='ocrx_word' id='word_1_496' title='bbox 423 3700 542 3758; x_wconf 91' lang='lat' dir='ltr'>entibus</span> <span class='ocrx_word' id='word_1_497' title='bbox 554 3743 561 3755; x_wconf 96' lang='lat'>.</span> <span class='ocrx_word' id='word_1_498' title='bbox 574 3742 581 3755; x_wconf 98' lang='lat'>.</span> <span class='ocrx_word' id='word_1_499' title='bbox 595 3741 601 3755; x_wconf 96' lang='lat'>.</span> <span class='ocrx_word' id='word_1_500' title='bbox 618 3699 786 3773; x_wconf 88' lang='lat' dir='ltr'>cognoscit.</span> <span class='ocrx_word' id='word_1_501' title='bbox 800 3741 807 3754; x_wconf 95' lang='lat'>.</span> <span class='ocrx_word' id='word_1_502' title='bbox 821 3740 827 3753; x_wconf 93' lang='lat'>.</span> <span class='ocrx_word' id='word_1_503' title='bbox 842 3699 886 3755; x_wconf 88' lang='lat' dir='ltr'>exi</span> <span class='ocrx_word' id='word_1_504' title='bbox 899 3741 905 3754; x_wconf 93' lang='lat'>.</span> <span class='ocrx_word' id='word_1_505' title='bbox 919 3740 925 3754; x_wconf 92' lang='lat'>.</span> <span class='ocrx_word' id='word_1_506' title='bbox 939 3742 945 3755; x_wconf 94' lang='lat'>.</span> <span class='ocrx_word' id='word_1_507' title='bbox 1002 3703 1298 3761; x_wconf 81' lang='lat' dir='ltr'>exstititTestamenti</span> <span class='ocrx_word' id='word_1_508' title='bbox 1307 3705 1830 3777; x_wconf 77' lang='lat' dir='ltr'>predicatorettestis,etNovietiam</span> 
     </span>
     <span class='ocr_line' id='line_1_40' title="bbox 124 3787 1838 3873; baseline 0.005 -24"><span class='ocrx_word' id='word_1_509' title='bbox 124 3793 174 3867; x_wconf 87' lang='lat' dir='ltr'>qui</span> <span class='ocrx_word' id='word_1_510' title='bbox 199 3791 421 3867; x_wconf 88' lang='lat' dir='ltr'>pretiosioribus</span> <span class='ocrx_word' id='word_1_511' title='bbox 444 3789 691 3859; x_wconf 84' lang='lat' dir='ltr'>vestimentis,vel</span> <span class='ocrx_word' id='word_1_512' title='bbox 716 3787 947 3845; x_wconf 88' lang='lat' dir='ltr'>deliciosicribus</span> <span class='ocrx_word' id='word_1_513' title='bbox 1001 3791 1097 3847; x_wconf 85' lang='lat' dir='ltr'>adhuc</span> <span class='ocrx_word' id='word_1_514' title='bbox 1112 3798 1276 3850; x_wconf 88' lang='lat' dir='ltr'>reservatus</span> <span class='ocrx_word' id='word_1_515' title='bbox 1292 3800 1434 3850; x_wconf 89' lang='lat' dir='ltr'>occurret.</span> <span class='ocrx_word' id='word_1_516' title='bbox 1451 3794 1593 3851; x_wconf 88' lang='lat' dir='ltr'>Dominus</span> <span class='ocrx_word' id='word_1_517' title='bbox 1613 3802 1721 3855; x_wconf 90' lang='lat' dir='ltr'>autem</span> <span class='ocrx_word' id='word_1_518' title='bbox 1738 3807 1838 3873; x_wconf 38' lang='lat' dir='ltr'>noster,</span> 
     </span>
     <span class='ocr_line' id='line_1_41' title="bbox 123 3878 1832 3956; baseline 0.005 -17"><span class='ocrx_word' id='word_1_519' title='bbox 123 3882 197 3940; x_wconf 88' lang='lat' dir='ltr'>cibis</span> <span class='ocrx_word' id='word_1_520' title='bbox 211 3888 240 3939; x_wconf 91' lang='lat' dir='ltr'>st</span> <span class='ocrx_word' id='word_1_521' title='bbox 254 3881 422 3956; x_wconf 88' lang='lat' dir='ltr'>potionibus</span> <span class='ocrx_word' id='word_1_522' title='bbox 437 3878 604 3952; x_wconf 89' lang='lat' dir='ltr'>opulentius</span> <span class='ocrx_word' id='word_1_523' title='bbox 620 3878 769 3934; x_wconf 89' lang='lat' dir='ltr'>abundare</span> <span class='ocrx_word' id='word_1_524' title='bbox 785 3917 791 3930; x_wconf 90' lang='lat'>.</span> <span class='ocrx_word' id='word_1_525' title='bbox 810 3919 817 3932; x_wconf 94' lang='lat'>.</span> <span class='ocrx_word' id='word_1_526' title='bbox 835 3920 842 3933; x_wconf 93' lang='lat'>.</span> <span class='ocrx_word' id='word_1_527' title='bbox 858 3894 946 3951; x_wconf 88' lang='lat' dir='ltr'>appe·</span> <span class='ocrx_word' id='word_1_528' title='bbox 1000 3883 1086 3936; x_wconf 81' lang='lat' dir='ltr'>lesus</span> <span class='ocrx_word' id='word_1_529' title='bbox 1100 3880 1233 3938; x_wconf 82' lang='lat' dir='ltr'>Christus</span> <span class='ocrx_word' id='word_1_530' title='bbox 1257 3882 1311 3940; x_wconf 91' lang='lat' dir='ltr'>hoc</span> <span class='ocrx_word' id='word_1_531' title='bbox 1325 3885 1413 3940; x_wconf 92' lang='lat' dir='ltr'>etiam</span> <span class='ocrx_word' id='word_1_532' title='bbox 1426 3884 1572 3956; x_wconf 76' lang='lat' dir='ltr'>JeJ&#39;unium</span> <span class='ocrx_word' id='word_1_533' title='bbox 1588 3884 1656 3943; x_wconf 90' lang='lat' dir='ltr'>ideo</span> <span class='ocrx_word' id='word_1_534' title='bbox 1684 3888 1832 3948; x_wconf 88' lang='lat' dir='ltr'>celebrare</span> 
     </span>
     <span class='ocr_line' id='line_1_42' title="bbox 122 3966 1831 4045; baseline 0.006 -17"><span class='ocrx_word' id='word_1_535' title='bbox 122 3972 194 4029; x_wconf 91' lang='lat' dir='ltr'>titus</span> <span class='ocrx_word' id='word_1_536' title='bbox 209 3971 343 4036; x_wconf 87' lang='lat' dir='ltr'>miseros,</span> <span class='ocrx_word' id='word_1_537' title='bbox 361 3974 547 4041; x_wconf 89' lang='lat' dir='ltr'>contemptus</span> <span class='ocrx_word' id='word_1_538' title='bbox 565 3983 632 4024; x_wconf 87' lang='lat' dir='ltr'>vero</span> <span class='ocrx_word' id='word_1_539' title='bbox 655 3966 754 4024; x_wconf 81' lang='lat' dir='ltr'>felices</span> <span class='ocrx_word' id='word_1_540' title='bbox 770 3967 866 4039; x_wconf 93' lang='lat' dir='ltr'>potius</span> <span class='ocrx_word' id='word_1_541' title='bbox 881 3969 947 4024; x_wconf 88' lang='lat' dir='ltr'>red·</span> <span class='ocrx_word' id='word_1_542' title='bbox 1000 3970 1139 4042; x_wconf 86' lang='lat' dir='ltr'>dignatus</span> <span class='ocrx_word' id='word_1_543' title='bbox 1152 3973 1310 4045; x_wconf 68' lang='lat' dir='ltr'>estquis«</span> <span class='ocrx_word' id='word_1_544' title='bbox 1327 3973 1480 4045; x_wconf 90' lang='lat' dir='ltr'>sicutipse</span> <span class='ocrx_word' id='word_1_545' title='bbox 1494 3974 1545 4042; x_wconf 90' lang='lat' dir='ltr'>ait,</span> <span class='ocrx_word' id='word_1_546' title='bbox 1560 3992 1619 4032; x_wconf 93' lang='lat' dir='ltr'>uon</span> <span class='ocrx_word' id='word_1_547' title='bbox 1636 3979 1706 4034; x_wconf 90' lang='lat' dir='ltr'>veni</span> <span class='ocrx_word' id='word_1_548' title='bbox 1723 3980 1831 4037; x_wconf 84' lang='lat' dir='ltr'>solvere</span> 
     </span>
     <span class='ocr_line' id='line_1_43' title="bbox 122 4056 1828 4135; baseline 0.006 -18"><span class='ocrx_word' id='word_1_549' title='bbox 122 4061 182 4117; x_wconf 90' lang='lat' dir='ltr'>dat.</span> <span class='ocrx_word' id='word_1_550' title='bbox 198 4059 289 4118; x_wconf 87' lang='lat' dir='ltr'>Multo</span> <span class='ocrx_word' id='word_1_551' title='bbox 305 4059 398 4132; x_wconf 86' lang='lat' dir='ltr'>magis</span> <span class='ocrx_word' id='word_1_552' title='bbox 413 4074 482 4131; x_wconf 88' lang='lat' dir='ltr'>ergo</span> <span class='ocrx_word' id='word_1_553' title='bbox 497 4073 585 4128; x_wconf 89' lang='lat' dir='ltr'>nunc,</span> <span class='ocrx_word' id='word_1_554' title='bbox 596 4056 780 4113; x_wconf 89' lang='lat' dir='ltr'>dilectissimi</span> <span class='ocrx_word' id='word_1_555' title='bbox 793 4098 800 4113; x_wconf 92' lang='lat'>.</span> <span class='ocrx_word' id='word_1_556' title='bbox 814 4098 821 4111; x_wconf 98' lang='lat'>.</span> <span class='ocrx_word' id='word_1_557' title='bbox 835 4060 883 4112; x_wconf 86' lang='grc' dir='ltr'>,ιι</span> <span class='ocrx_word' id='word_1_558' title='bbox 897 4056 947 4112; x_wconf 91' lang='lat' dir='ltr'>ob·</span> <span class='ocrx_word' id='word_1_559' title='bbox 998 4057 1092 4131; x_wconf 85' lang='lat' dir='ltr'>legem</span> <span class='ocrx_word' id='word_1_560' title='bbox 1104 4060 1154 4117; x_wconf 90' lang='lat' dir='ltr'>sed</span> <span class='ocrx_word' id='word_1_561' title='bbox 1166 4061 1325 4134; x_wconf 88' lang='lat' dir='ltr'>adimplere</span> <span class='ocrx_word' id='word_1_562' title='bbox 1333 4062 1529 4135; x_wconf 78' lang='lat' dir='ltr'>(llcttb.v,7l;»</span> <span class='ocrx_word' id='word_1_563' title='bbox 1540 4080 1591 4119; x_wconf 91' lang='lat' dir='ltr'>seu</span> <span class='ocrx_word' id='word_1_564' title='bbox 1604 4069 1637 4120; x_wconf 89' lang='lat' dir='ltr'>ut</span> <span class='ocrx_word' id='word_1_565' title='bbox 1647 4082 1683 4123; x_wconf 89' lang='lat' dir='ltr'>sc</span> <span class='ocrx_word' id='word_1_566' title='bbox 1694 4070 1828 4126; x_wconf 87' lang='lat' dir='ltr'>ostende·</span> 
     </span>
     <span class='ocr_line' id='line_1_44' title="bbox 122 4148 1822 4226; baseline 0.004 -19"><span class='ocrx_word' id='word_1_567' title='bbox 122 4148 556 4218; x_wconf 81' lang='lat' dir='ltr'>servantissimminettempus,</span> <span class='ocrx_word' id='word_1_568' title='bbox 566 4150 945 4218; x_wconf 87' lang='lat' dir='ltr'>congruanosoportctom·</span> <span class='ocrx_word' id='word_1_569' title='bbox 999 4153 1042 4203; x_wconf 90' lang='lat' dir='ltr'>ret</span> <span class='ocrx_word' id='word_1_570' title='bbox 1057 4149 1191 4205; x_wconf 88' lang='lat' dir='ltr'>cumdem</span> <span class='ocrx_word' id='word_1_571' title='bbox 1210 4149 1322 4207; x_wconf 91' lang='lat' dir='ltr'>Veteris</span> <span class='ocrx_word' id='word_1_572' title='bbox 1336 4156 1365 4207; x_wconf 87' lang='lat' dir='ltr'>et</span> <span class='ocrx_word' id='word_1_573' title='bbox 1379 4152 1450 4207; x_wconf 91' lang='lat' dir='ltr'>Novi</span> <span class='ocrx_word' id='word_1_574' title='bbox 1466 4152 1646 4209; x_wconf 82' lang='lat' dir='ltr'>Testamenti</span> <span class='ocrx_word' id='word_1_575' title='bbox 1663 4162 1822 4226; x_wconf 78' lang='lat' dir='ltr'>auctorem,</span> 
     </span>
     <span class='ocr_line' id='line_1_45' title="bbox 123 4234 1822 4315; baseline 0.005 -20"><span class='ocrx_word' id='word_1_576' title='bbox 123 4238 251 4295; x_wconf 80' lang='lat' dir='ltr'>raimodis</span> <span class='ocrx_word' id='word_1_577' title='bbox 272 4236 422 4295; x_wconf 88' lang='lat' dir='ltr'>devotione</span> <span class='ocrx_word' id='word_1_578' title='bbox 436 4234 603 4309; x_wconf 79' lang='lat' dir='ltr'>preparari.</span> <span class='ocrx_word' id='word_1_579' title='bbox 619 4234 673 4289; x_wconf 90' lang='lat' dir='ltr'>Sed</span> <span class='ocrx_word' id='word_1_580' title='bbox 694 4234 763 4306; x_wconf 91' lang='lat' dir='ltr'>quia</span> <span class='ocrx_word' id='word_1_581' title='bbox 781 4235 944 4290; x_wconf 89' lang='lat' dir='ltr'>secundum</span> <span class='ocrx_word' id='word_1_582' title='bbox 999 4236 1068 4308; x_wconf 91' lang='lat' dir='ltr'>quia</span> <span class='ocrx_word' id='word_1_583' title='bbox 1083 4240 1184 4293; x_wconf 89' lang='lat' dir='ltr'>sancta</span> <span class='ocrx_word' id='word_1_584' title='bbox 1199 4242 1323 4309; x_wconf 88' lang='lat' dir='ltr'>quatuor</span> <span class='ocrx_word' id='word_1_585' title='bbox 1337 4239 1491 4312; x_wconf 84' lang='lat' dir='ltr'>Evangelia</span> <span class='ocrx_word' id='word_1_586' title='bbox 1507 4240 1687 4315; x_wconf 82' lang='lat' dir='ltr'>becalogum</span> <span class='ocrx_word' id='word_1_587' title='bbox 1705 4264 1762 4304; x_wconf 92' lang='lat' dir='ltr'>non</span> <span class='ocrx_word' id='word_1_588' title='bbox 1776 4247 1822 4303; x_wconf 92' lang='lat' dir='ltr'>de·</span> 
     </span>
     <span class='ocr_line' id='line_1_46' title="bbox 86 4322 1825 4410; baseline 0.006 -27"><span class='ocrx_word' id='word_1_589' title='bbox 86 4367 88 4370; x_wconf 28' lang='grc' dir='ltr'>ψ</span> <span class='ocrx_word' id='word_1_590' title='bbox 121 4327 239 4385; x_wconf 88' lang='lat' dir='ltr'>beatum</span> <span class='ocrx_word' id='word_1_591' title='bbox 251 4322 942 4399; x_wconf 79' lang='lat' dir='ltr'>Apostolum:ltiurjcdicctinterdiemetdtem,</span> <span class='ocrx_word' id='word_1_592' title='bbox 998 4326 1186 4391; x_wconf 89' lang='lat' dir='ltr'>struunt,sed</span> <span class='ocrx_word' id='word_1_593' title='bbox 1203 4327 1296 4400; x_wconf 85' lang='lat' dir='ltr'>magis</span> <span class='ocrx_word' id='word_1_594' title='bbox 1319 4328 1450 4385; x_wconf 87' lang='lat' dir='ltr'>stabilire</span> <span class='ocrx_word' id='word_1_595' title='bbox 1469 4329 1667 4400; x_wconf 88' lang='lat' dir='ltr'>contendunt;</span> <span class='ocrx_word' id='word_1_596' title='bbox 1686 4335 1825 4410; x_wconf 86' lang='lat' dir='ltr'>sivequia</span> 
     </span>
     <span class='ocr_line' id='line_1_47' title="bbox 120 4411 1824 4498; baseline 0.006 -27"><span class='ocrx_word' id='word_1_597' title='bbox 120 4415 198 4472; x_wconf 76' lang='lat' dir='ltr'>atses</span> <span class='ocrx_word' id='word_1_598' title='bbox 209 4431 271 4472; x_wconf 84' lang='lat' dir='ltr'>vere</span> <span class='ocrx_word' id='word_1_599' title='bbox 286 4430 394 4470; x_wconf 84' lang='lat' dir='ltr'>omnem</span> <span class='ocrx_word' id='word_1_600' title='bbox 406 4412 479 4469; x_wconf 86' lang='lat' dir='ltr'>diem</span> <span class='ocrx_word' id='word_1_601' title='bbox 490 4412 576 4484; x_wconf 77' lang='lat' dir='ltr'>(Rom.</span> <span class='ocrx_word' id='word_1_602' title='bbox 592 4428 650 4481; x_wconf 82' lang='lat' dir='ltr'>xiv,</span> <span class='ocrx_word' id='word_1_603' title='bbox 665 4411 709 4481; x_wconf 90' lang='grc'>5);</span> <span class='ocrx_word' id='word_1_604' title='bbox 726 4411 774 4483; x_wconf 91' lang='lat' dir='ltr'>qui</span> <span class='ocrx_word' id='word_1_605' title='bbox 800 4412 943 4469; x_wconf 90' lang='lat' dir='ltr'>absolutis</span> <span class='ocrx_word' id='word_1_606' title='bbox 997 4415 1133 4470; x_wconf 90' lang='lat' dir='ltr'>eumdem</span> <span class='ocrx_word' id='word_1_607' title='bbox 1149 4415 1325 4488; x_wconf 87' lang='lat' dir='ltr'>Deoalogum</span> <span class='ocrx_word' id='word_1_608' title='bbox 1342 4417 1422 4489; x_wconf 92' lang='lat' dir='ltr'>prius</span> <span class='ocrx_word' id='word_1_609' title='bbox 1437 4419 1514 4492; x_wconf 90' lang='lat' dir='ltr'>apud</span> <span class='ocrx_word' id='word_1_610' title='bbox 1536 4418 1656 4476; x_wconf 81' lang='lat' dir='ltr'>Judaeos</span> <span class='ocrx_word' id='word_1_611' title='bbox 1674 4424 1824 4498; x_wconf 82' lang='lat' dir='ltr'>signatum</span> 
     </span>
     <span class='ocr_line' id='line_1_48' title="bbox 121 4498 1824 4586; baseline 0.005 -26"><span class='ocrx_word' id='word_1_612' title='bbox 121 4502 224 4560; x_wconf 91' lang='lat' dir='ltr'>diebus</span> <span class='ocrx_word' id='word_1_613' title='bbox 247 4502 361 4560; x_wconf 85' lang='lat' dir='ltr'>avidius</span> <span class='ocrx_word' id='word_1_614' title='bbox 382 4503 522 4558; x_wconf 83' lang='lat' dir='ltr'>fruuntur</span> <span class='ocrx_word' id='word_1_615' title='bbox 545 4498 667 4566; x_wconf 83' lang='lat' dir='ltr'>deliciis,</span> <span class='ocrx_word' id='word_1_616' title='bbox 683 4499 728 4555; x_wconf 89' lang='lat' dir='ltr'>his</span> <span class='ocrx_word' id='word_1_617' title='bbox 752 4501 981 4578; x_wconf 79' lang='lat' dir='ltr'>quadragesi-1)</span> <span class='ocrx_word' id='word_1_618' title='bbox 997 4507 1026 4558; x_wconf 93' lang='lat' dir='ltr'>et</span> <span class='ocrx_word' id='word_1_619' title='bbox 1039 4503 1185 4559; x_wconf 90' lang='lat' dir='ltr'>inclusum</span> <span class='ocrx_word' id='word_1_620' title='bbox 1200 4503 1279 4560; x_wconf 90' lang='lat' dir='ltr'>idem</span> <span class='ocrx_word' id='word_1_621' title='bbox 1292 4505 1435 4563; x_wconf 89' lang='lat' dir='ltr'>Dominus</span> <span class='ocrx_word' id='word_1_622' title='bbox 1450 4507 1569 4574; x_wconf 91' lang='lat' dir='ltr'>solvere,</span> <span class='ocrx_word' id='word_1_623' title='bbox 1585 4513 1614 4565; x_wconf 89' lang='lat' dir='ltr'>et</span> <span class='ocrx_word' id='word_1_624' title='bbox 1629 4527 1685 4582; x_wconf 91' lang='lat' dir='ltr'>per</span> <span class='ocrx_word' id='word_1_625' title='bbox 1701 4519 1824 4586; x_wconf 90' lang='lat' dir='ltr'>quatuor</span> 
     </span>
     <span class='ocr_line' id='line_1_49' title="bbox 121 4588 1822 4676; baseline 0.008 -29"><span class='ocrx_word' id='word_1_626' title='bbox 121 4590 248 4648; x_wconf 91' lang='lat' dir='ltr'>malibus</span> <span class='ocrx_word' id='word_1_627' title='bbox 278 4592 374 4649; x_wconf 90' lang='lat' dir='ltr'>scrius</span> <span class='ocrx_word' id='word_1_628' title='bbox 400 4589 533 4646; x_wconf 84' lang='lat' dir='ltr'>convenit</span> <span class='ocrx_word' id='word_1_629' title='bbox 561 4588 716 4644; x_wconf 89' lang='lat' dir='ltr'>abstinere.</span> <span class='ocrx_word' id='word_1_630' title='bbox 733 4588 805 4644; x_wconf 89' lang='lat' dir='ltr'>Nam</span> <span class='ocrx_word' id='word_1_631' title='bbox 832 4590 940 4660; x_wconf 89' lang='lat' dir='ltr'>anima,</span> <span class='ocrx_word' id='word_1_632' title='bbox 997 4591 1100 4647; x_wconf 93' lang='lat' dir='ltr'>mundi</span> <span class='ocrx_word' id='word_1_633' title='bbox 1121 4597 1218 4664; x_wconf 88' lang='lat' dir='ltr'>partes</span> <span class='ocrx_word' id='word_1_634' title='bbox 1232 4600 1350 4652; x_wconf 87' lang='lat' dir='ltr'>venerat</span> <span class='ocrx_word' id='word_1_635' title='bbox 1373 4597 1539 4669; x_wconf 77' lang='lat' dir='ltr'>predicare.</span> <span class='ocrx_word' id='word_1_636' title='bbox 1556 4597 1682 4657; x_wconf 82' lang='lat' dir='ltr'>Talibus</span> <span class='ocrx_word' id='word_1_637' title='bbox 1698 4603 1822 4676; x_wconf 88' lang='lat' dir='ltr'>denique</span> 
     </span>
     <span class='ocr_line' id='line_1_50' title="bbox 120 4677 1820 4761; baseline 0.008 -26"><span class='ocrx_word' id='word_1_638' title='bbox 120 4695 185 4753; x_wconf 80' lang='lat' dir='ltr'>quc</span> <span class='ocrx_word' id='word_1_639' title='bbox 200 4698 251 4754; x_wconf 92' lang='lat' dir='ltr'>pro</span> <span class='ocrx_word' id='word_1_640' title='bbox 266 4682 398 4738; x_wconf 92' lang='lat' dir='ltr'>ciborum</span> <span class='ocrx_word' id='word_1_641' title='bbox 413 4680 537 4736; x_wconf 86' lang='lat' dir='ltr'>moritur</span> <span class='ocrx_word' id='word_1_642' title='bbox 551 4678 711 4747; x_wconf 86' lang='lat' dir='ltr'>allluentia,</span> <span class='ocrx_word' id='word_1_643' title='bbox 728 4677 874 4734; x_wconf 87' lang='lat' dir='ltr'>interdum</span> <span class='ocrx_word' id='word_1_644' title='bbox 891 4697 942 4752; x_wconf 90' lang='lat' dir='ltr'>per</span> <span class='ocrx_word' id='word_1_645' title='bbox 995 4686 1130 4753; x_wconf 89' lang='lat' dir='ltr'>parentes</span> <span class='ocrx_word' id='word_1_646' title='bbox 1154 4683 1295 4755; x_wconf 86' lang='lat' dir='ltr'>exemplis</span> <span class='ocrx_word' id='word_1_647' title='bbox 1318 4690 1406 4758; x_wconf 88' lang='lat' dir='ltr'>atque</span> <span class='ocrx_word' id='word_1_648' title='bbox 1421 4687 1571 4755; x_wconf 90' lang='lat' dir='ltr'>doctrinis,</span> <span class='ocrx_word' id='word_1_649' title='bbox 1585 4689 1693 4747; x_wconf 85' lang='lat' dir='ltr'>devota</span> <span class='ocrx_word' id='word_1_650' title='bbox 1716 4698 1820 4761; x_wconf 84' lang='lat' dir='ltr'>mente,</span> 
     </span>
     <span class='ocr_line' id='line_1_51' title="bbox 117 4767 1819 4852; baseline 0.008 -28"><span class='ocrx_word' id='word_1_651' title='bbox 117 4768 222 4841; x_wconf 81' lang='lat' dir='ltr'>jejunii</span> <span class='ocrx_word' id='word_1_652' title='bbox 247 4770 375 4843; x_wconf 86' lang='lat' dir='ltr'>resurgit</span> <span class='ocrx_word' id='word_1_653' title='bbox 395 4768 621 4825; x_wconf 89' lang='lat' dir='ltr'>observantiam.</span> <span class='ocrx_word' id='word_1_654' title='bbox 637 4767 725 4824; x_wconf 87' lang='lat' dir='ltr'>Cibus</span> <span class='ocrx_word' id='word_1_655' title='bbox 741 4768 865 4841; x_wconf 91' lang='lat' dir='ltr'>denique</span> <span class='ocrx_word' id='word_1_656' title='bbox 889 4786 940 4824; x_wconf 92' lang='lat' dir='ltr'>su·</span> <span class='ocrx_word' id='word_1_657' title='bbox 994 4786 1068 4842; x_wconf 93' lang='lat' dir='ltr'>puro</span> <span class='ocrx_word' id='word_1_658' title='bbox 1084 4772 1179 4838; x_wconf 90' lang='lat' dir='ltr'>corde,</span> <span class='ocrx_word' id='word_1_659' title='bbox 1195 4776 1224 4828; x_wconf 89' lang='lat' dir='ltr'>et</span> <span class='ocrx_word' id='word_1_660' title='bbox 1247 4773 1294 4844; x_wconf 91' lang='lat' dir='ltr'>pio</span> <span class='ocrx_word' id='word_1_661' title='bbox 1315 4775 1429 4846; x_wconf 80' lang='lat' dir='ltr'>affectu,</span> <span class='ocrx_word' id='word_1_662' title='bbox 1447 4776 1650 4848; x_wconf 88' lang='lat' dir='ltr'>hujuscemodi</span> <span class='ocrx_word' id='word_1_663' title='bbox 1672 4780 1819 4852; x_wconf 88' lang='lat' dir='ltr'>jejunium</span> 
     </span>
     <span class='ocr_line' id='line_1_52' title="bbox 120 4857 1819 4938; baseline 0.009 -25"><span class='ocrx_word' id='word_1_664' title='bbox 120 4858 246 4915; x_wconf 91' lang='lat' dir='ltr'>meudus</span> <span class='ocrx_word' id='word_1_665' title='bbox 260 4863 304 4915; x_wconf 90' lang='lat' dir='ltr'>est</span> <span class='ocrx_word' id='word_1_666' title='bbox 323 4857 385 4915; x_wconf 92' lang='lat' dir='ltr'>sola</span> <span class='ocrx_word' id='word_1_667' title='bbox 406 4857 589 4924; x_wconf 90' lang='lat' dir='ltr'>necessitate,</span> <span class='ocrx_word' id='word_1_668' title='bbox 601 4857 748 4928; x_wconf 87' lang='lat' dir='ltr'>jejunium</span> <span class='ocrx_word' id='word_1_669' title='bbox 764 4857 940 4931; x_wconf 91' lang='lat' dir='ltr'>amplecten-</span> <span class='ocrx_word' id='word_1_670' title='bbox 994 4874 1097 4916; x_wconf 92' lang='lat' dir='ltr'>omnes</span> <span class='ocrx_word' id='word_1_671' title='bbox 1120 4861 1299 4918; x_wconf 83' lang='lat' dir='ltr'>Christianos</span> <span class='ocrx_word' id='word_1_672' title='bbox 1326 4865 1457 4921; x_wconf 86' lang='lat' dir='ltr'>venerari</span> <span class='ocrx_word' id='word_1_673' title='bbox 1485 4869 1612 4937; x_wconf 88' lang='lat' dir='ltr'>oportet,</span> <span class='ocrx_word' id='word_1_674' title='bbox 1633 4870 1718 4938; x_wconf 94' lang='lat' dir='ltr'>quod</span> <span class='ocrx_word' id='word_1_675' title='bbox 1742 4869 1819 4928; x_wconf 88' lang='lat' dir='ltr'>nullo</span> 
     </span>
     <span class='ocr_line' id='line_1_53' title="bbox 118 4945 1820 5027; baseline 0.007 -23"><span class='ocrx_word' id='word_1_676' title='bbox 118 4947 187 5004; x_wconf 93' lang='lat' dir='ltr'>dum</span> <span class='ocrx_word' id='word_1_677' title='bbox 211 4951 255 5005; x_wconf 89' lang='lat' dir='ltr'>est</span> <span class='ocrx_word' id='word_1_678' title='bbox 278 4963 396 5004; x_wconf 89' lang='lat' dir='ltr'>summa</span> <span class='ocrx_word' id='word_1_679' title='bbox 419 4945 554 5003; x_wconf 88' lang='lat' dir='ltr'>utilitate.</span> <span class='ocrx_word' id='word_1_680' title='bbox 572 4947 678 5002; x_wconf 88' lang='lat' dir='ltr'>Scitote</span> <span class='ocrx_word' id='word_1_681' title='bbox 701 4962 768 5019; x_wconf 85' lang='lat' dir='ltr'>ergo</span> <span class='ocrx_word' id='word_1_682' title='bbox 793 4964 880 5014; x_wconf 91' lang='lat' dir='ltr'>nunc,</span> <span class='ocrx_word' id='word_1_683' title='bbox 896 4949 939 5004; x_wconf 93' lang='lat' dir='ltr'>di·</span> <span class='ocrx_word' id='word_1_684' title='bbox 993 4951 1124 5021; x_wconf 89' lang='lat' dir='ltr'>tempure</span> <span class='ocrx_word' id='word_1_685' title='bbox 1149 4952 1356 5024; x_wconf 86' lang='lat' dir='ltr'>congruentius</span> <span class='ocrx_word' id='word_1_686' title='bbox 1381 4954 1578 5022; x_wconf 88' lang='lat' dir='ltr'>constituitur,</span> <span class='ocrx_word' id='word_1_687' title='bbox 1591 4972 1684 5027; x_wconf 91' lang='lat' dir='ltr'>quam</span> <span class='ocrx_word' id='word_1_688' title='bbox 1710 4961 1820 5016; x_wconf 87' lang='lat' dir='ltr'>contine</span> 
     </span>
     <span class='ocr_line' id='line_1_54' title="bbox 118 5034 1820 5113; baseline 0.006 -21"><span class='ocrx_word' id='word_1_689' title='bbox 118 5035 284 5108; x_wconf 90' lang='lat' dir='ltr'>lectissimi,</span> <span class='ocrx_word' id='word_1_690' title='bbox 297 5037 367 5109; x_wconf 89' lang='lat' dir='ltr'>quia</span> <span class='ocrx_word' id='word_1_691' title='bbox 382 5036 533 5108; x_wconf 77' lang='lat' dir='ltr'>praesentis</span> <span class='ocrx_word' id='word_1_692' title='bbox 548 5034 736 5092; x_wconf 79' lang='lat' dir='ltr'>hebdomadae</span> <span class='ocrx_word' id='word_1_693' title='bbox 751 5043 855 5109; x_wconf 88' lang='lat' dir='ltr'>quarta</span> <span class='ocrx_word' id='word_1_694' title='bbox 869 5038 940 5094; x_wconf 86' lang='lat' dir='ltr'>teria</span> <span class='ocrx_word' id='word_1_695' title='bbox 993 5042 1081 5109; x_wconf 87' lang='lat' dir='ltr'>atque</span> <span class='ocrx_word' id='word_1_696' title='bbox 1096 5039 1265 5113; x_wconf 86' lang='lat' dir='ltr'>contiguum</span> <span class='ocrx_word' id='word_1_697' title='bbox 1281 5041 1438 5103; x_wconf 73' lang='lat' dir='ltr'>Dominicis</span> <span class='ocrx_word' id='word_1_698' title='bbox 1449 5043 1668 5101; x_wconf 89' lang='lat' dir='ltr'>resurrectioni.</span> <span class='ocrx_word' id='word_1_699' title='bbox 1684 5047 1737 5103; x_wconf 83' lang='lat' dir='ltr'>Per</span> <span class='ocrx_word' id='word_1_700' title='bbox 1751 5049 1820 5106; x_wconf 80' lang='lat' dir='ltr'>istos</span> 
     </span>
    </p>
   </div>
   <div class='ocr_carea' id='block_1_7' title="bbox 3 5116 1819 5211">
    <p class='ocr_par' dir='ltr' id='par_1_11' title="bbox 3 5116 1819 5211">
     <span class='ocr_line' id='line_1_55' title="bbox 3 5116 1819 5211; baseline 0.007 -29"><span class='ocrx_word' id='word_1_701' title='bbox 3 5116 5 5122; x_wconf 69' lang='grc'><strong>’</strong></span> <span class='ocrx_word' id='word_1_702' title='bbox 118 5126 193 5183; x_wconf 85' lang='lat' dir='ltr'>sacri</span> <span class='ocrx_word' id='word_1_703' title='bbox 206 5125 312 5197; x_wconf 89' lang='lat' dir='ltr'>jejunii</span> <span class='ocrx_word' id='word_1_704' title='bbox 327 5128 426 5198; x_wconf 89' lang='lat' dir='ltr'>caput,</span> <span class='ocrx_word' id='word_1_705' title='bbox 439 5129 587 5180; x_wconf 89' lang='lat' dir='ltr'>annuente</span> <span class='ocrx_word' id='word_1_706' title='bbox 602 5124 707 5181; x_wconf 84' lang='lat' dir='ltr'>Christi</span> <span class='ocrx_word' id='word_1_707' title='bbox 728 5124 938 5196; x_wconf 89' lang='lat' dir='ltr'>misericordia,</span> <span class='ocrx_word' id='word_1_708' title='bbox 993 5129 1690 5203; x_wconf 80' lang='lat' dir='ltr'>etenimquadragintadiestotumactivesvitas</span> <span class='ocrx_word' id='word_1_709' title='bbox 1706 5140 1819 5211; x_wconf 81' lang='lat' dir='ltr'>tempus</span> 
     </span>
    </p>
   </div>
   <div class='ocr_carea' id='block_1_8' title="bbox 118 5213 1819 5308">
    <p class='ocr_par' dir='ltr' id='par_1_12' title="bbox 118 5213 1819 5308">
     <span class='ocr_line' id='line_1_56' title="bbox 118 5213 1819 5308; baseline 0.009 -38"><span class='ocrx_word' id='word_1_710' title='bbox 118 5214 219 5272; x_wconf 88' lang='lat' dir='ltr'>devote</span> <span class='ocrx_word' id='word_1_711' title='bbox 242 5213 414 5272; x_wconf 90' lang='lat' dir='ltr'>celebraturi</span> <span class='ocrx_word' id='word_1_712' title='bbox 431 5229 545 5285; x_wconf 91' lang='lat' dir='ltr'>sumus,</span> <span class='ocrx_word' id='word_1_713' title='bbox 563 5216 596 5268; x_wconf 92' lang='lat' dir='ltr'>ut</span> <span class='ocrx_word' id='word_1_714' title='bbox 618 5228 684 5269; x_wconf 90' lang='lat' dir='ltr'>caro</span> <span class='ocrx_word' id='word_1_715' title='bbox 708 5231 773 5286; x_wconf 78' lang='lat' dir='ltr'>qua</span> <span class='ocrx_word' id='word_1_716' title='bbox 797 5214 863 5272; x_wconf 84' lang='lat' dir='ltr'>lata</span> <span class='ocrx_word' id='word_1_717' title='bbox 887 5230 939 5274; x_wconf 89' lang='lat' dir='ltr'>nos</span> <span class='ocrx_word' id='word_1_718' title='bbox 993 5217 1186 5308; x_wconf 81' lang='lat' dir='ltr'>significatur,</span> <span class='ocrx_word' id='word_1_719' title='bbox 1199 5221 1246 5275; x_wconf 89' lang='lat' dir='ltr'>cui</span> <span class='ocrx_word' id='word_1_720' title='bbox 1260 5236 1333 5292; x_wconf 91' lang='lat' dir='ltr'>opus</span> <span class='ocrx_word' id='word_1_721' title='bbox 1354 5227 1400 5278; x_wconf 93' lang='lat' dir='ltr'>est</span> <span class='ocrx_word' id='word_1_722' title='bbox 1422 5221 1611 5288; x_wconf 88' lang='lat' dir='ltr'>continentia,</span> <span class='ocrx_word' id='word_1_723' title='bbox 1628 5226 1662 5278; x_wconf 93' lang='lat' dir='ltr'>ut</span> <span class='ocrx_word' id='word_1_724' title='bbox 1678 5224 1717 5281; x_wconf 87' lang='lat' dir='ltr'>ab</span> <span class='ocrx_word' id='word_1_725' title='bbox 1738 5226 1819 5284; x_wconf 80' lang='lat' dir='ltr'>iatius</span> 
     </span>
    </p>
   </div>
   <div class='ocr_carea' id='block_1_9' title="bbox 116 5370 1817 5671">
    <p class='ocr_par' dir='ltr' id='par_1_13' title="bbox 116 5370 1817 5671">
     <span class='ocr_line' id='line_1_57' title="bbox 153 5370 1817 5454; baseline 0.01 -26"><span class='ocrx_word' id='word_1_726' title='bbox 153 5372 244 5447; x_wconf 80' lang='lat'>(1509)</span> <span class='ocrx_word' id='word_1_727' title='bbox 260 5375 301 5430; x_wconf 81' lang='lat' dir='ltr'>ux</span> <span class='ocrx_word' id='word_1_728' title='bbox 314 5372 408 5431; x_wconf 89' lang='lat' dir='ltr'>sancti</span> <span class='ocrx_word' id='word_1_729' title='bbox 425 5370 593 5444; x_wconf 89' lang='lat' dir='ltr'>Telesphori</span> <span class='ocrx_word' id='word_1_730' title='bbox 617 5372 825 5430; x_wconf 91' lang='lat' dir='ltr'>constitutione</span> <span class='ocrx_word' id='word_1_731' title='bbox 847 5376 940 5432; x_wconf 91' lang='lat' dir='ltr'>sumit</span> <span class='ocrx_word' id='word_1_732' title='bbox 993 5378 1119 5435; x_wconf 91' lang='lat' dir='ltr'>editione</span> <span class='ocrx_word' id='word_1_733' title='bbox 1134 5378 1208 5435; x_wconf 93' lang='lat' dir='ltr'>nihil</span> <span class='ocrx_word' id='word_1_734' title='bbox 1226 5379 1370 5452; x_wconf 90' lang='lat' dir='ltr'>ejusmodi</span> <span class='ocrx_word' id='word_1_735' title='bbox 1391 5382 1509 5454; x_wconf 88' lang='lat' dir='ltr'>dicitnr)</span> <span class='ocrx_word' id='word_1_736' title='bbox 1524 5383 1554 5437; x_wconf 91' lang='lat' dir='ltr'>in</span> <span class='ocrx_word' id='word_1_737' title='bbox 1570 5380 1726 5445; x_wconf 90' lang='lat' dir='ltr'>chronico.</span> <span class='ocrx_word' id='word_1_738' title='bbox 1740 5391 1817 5443; x_wconf 78' lang='lat' dir='ltr'>Atta·</span> 
     </span>
     <span class='ocr_line' id='line_1_58' title="bbox 117 5441 1816 5532; baseline 0.009 -32"><span class='ocrx_word' id='word_1_739' title='bbox 117 5441 179 5500; x_wconf 85' lang='lat' dir='ltr'>hac</span> <span class='ocrx_word' id='word_1_740' title='bbox 191 5449 269 5514; x_wconf 82' lang='lat' dir='ltr'>Atto,</span> <span class='ocrx_word' id='word_1_741' title='bbox 281 5463 371 5518; x_wconf 91' lang='lat' dir='ltr'>quam</span> <span class='ocrx_word' id='word_1_742' title='bbox 391 5444 500 5501; x_wconf 82' lang='lat' dir='ltr'>videsis</span> <span class='ocrx_word' id='word_1_743' title='bbox 522 5444 552 5499; x_wconf 92' lang='lat' dir='ltr'>in</span> <span class='ocrx_word' id='word_1_744' title='bbox 566 5441 611 5498; x_wconf 90' lang='lat' dir='ltr'>ed.</span> <span class='ocrx_word' id='word_1_745' title='bbox 628 5442 712 5499; x_wconf 85' lang='lat' dir='ltr'>Rom.</span> <span class='ocrx_word' id='word_1_746' title='bbox 724 5448 745 5500; x_wconf 91' lang='lat' dir='ltr'>t.</span> <span class='ocrx_word' id='word_1_747' title='bbox 757 5446 778 5513; x_wconf 94' lang='lat' dir='ltr'>l,</span> <span class='ocrx_word' id='word_1_748' title='bbox 790 5461 819 5517; x_wconf 93' lang='lat' dir='ltr'>p.</span> <span class='ocrx_word' id='word_1_749' title='bbox 830 5446 876 5502; x_wconf 89' lang='grc'>79.</span> <span class='ocrx_word' id='word_1_750' title='bbox 889 5448 938 5504; x_wconf 82' lang='lat' dir='ltr'>liei</span> <span class='ocrx_word' id='word_1_751' title='bbox 993 5466 1061 5506; x_wconf 93' lang='lat' dir='ltr'>men</span> <span class='ocrx_word' id='word_1_752' title='bbox 1076 5450 1219 5507; x_wconf 89' lang='lat' dir='ltr'>Barouius</span> <span class='ocrx_word' id='word_1_753' title='bbox 1232 5453 1268 5508; x_wconf 88' lang='lat' dir='ltr'>ad</span> <span class='ocrx_word' id='word_1_754' title='bbox 1285 5468 1331 5508; x_wconf 88' lang='lat' dir='ltr'>an.</span> <span class='ocrx_word' id='word_1_755' title='bbox 1349 5454 1409 5522; x_wconf 73' lang='lat'>154,</span> <span class='ocrx_word' id='word_1_756' title='bbox 1426 5455 1573 5527; x_wconf 88' lang='lat' dir='ltr'>sapienter</span> <span class='ocrx_word' id='word_1_757' title='bbox 1596 5462 1724 5516; x_wconf 82' lang='lat' dir='ltr'>annotat</span> <span class='ocrx_word' id='word_1_758' title='bbox 1741 5460 1816 5532; x_wconf 81' lang='lat' dir='ltr'>jeju·</span> 
     </span>
     <span class='ocr_line' id='line_1_59' title="bbox 117 5514 1814 5605; baseline 0.01 -33"><span class='ocrx_word' id='word_1_759' title='bbox 117 5516 227 5572; x_wconf 90' lang='lat' dir='ltr'>mentio</span> <span class='ocrx_word' id='word_1_760' title='bbox 237 5521 282 5574; x_wconf 90' lang='lat' dir='ltr'>est</span> <span class='ocrx_word' id='word_1_761' title='bbox 292 5517 379 5574; x_wconf 84' lang='grc' dir='ltr'>ιιίιιιι</span> <span class='ocrx_word' id='word_1_762' title='bbox 390 5517 468 5589; x_wconf 88' lang='lat' dir='ltr'>apud</span> <span class='ocrx_word' id='word_1_763' title='bbox 477 5514 666 5573; x_wconf 73' lang='lat' dir='ltr'>anastasium</span> <span class='ocrx_word' id='word_1_764' title='bbox 677 5514 708 5571; x_wconf 94' lang='lat' dir='ltr'>in</span> <span class='ocrx_word' id='word_1_765' title='bbox 716 5515 791 5574; x_wconf 91' lang='lat' dir='ltr'>Vitis</span> <span class='ocrx_word' id='word_1_766' title='bbox 801 5517 855 5576; x_wconf 89' lang='lat' dir='ltr'>PP.</span> <span class='ocrx_word' id='word_1_767' title='bbox 866 5519 937 5592; x_wconf 71' lang='lat' dir='ltr'>RR,</span> <span class='ocrx_word' id='word_1_768' title='bbox 992 5520 1076 5578; x_wconf 92' lang='lat' dir='ltr'>nium</span> <span class='ocrx_word' id='word_1_769' title='bbox 1098 5523 1350 5605; x_wconf 85' lang='lat' dir='ltr'>quadragesimale</span> <span class='ocrx_word' id='word_1_770' title='bbox 1372 5542 1431 5583; x_wconf 92' lang='lat' dir='ltr'>non</span> <span class='ocrx_word' id='word_1_771' title='bbox 1454 5542 1471 5583; x_wconf 87' lang='lat' dir='ltr'>a</span> <span class='ocrx_word' id='word_1_772' title='bbox 1491 5524 1682 5602; x_wconf 83' lang='lat' dir='ltr'>Telesphoro,</span> <span class='ocrx_word' id='word_1_773' title='bbox 1706 5531 1761 5591; x_wconf 84' lang='lat' dir='ltr'>sed</span> <span class='ocrx_word' id='word_1_774' title='bbox 1780 5531 1814 5589; x_wconf 81' lang='lat' dir='ltr'>ab</span> 
     </span>
     <span class='ocr_line' id='line_1_60' title="bbox 116 5585 1453 5671; baseline 0.01 -24"><span class='ocrx_word' id='word_1_775' title='bbox 116 5587 235 5663; x_wconf 78' lang='lat' dir='ltr'>etapud</span> <span class='ocrx_word' id='word_1_776' title='bbox 246 5588 454 5669; x_wconf 78' lang='lat' dir='ltr'>Hieronymum</span> <span class='ocrx_word' id='word_1_777' title='bbox 465 5592 534 5661; x_wconf 92' lang='lat' dir='ltr'>(non</span> <span class='ocrx_word' id='word_1_778' title='bbox 547 5585 717 5658; x_wconf 75' lang='lat' dir='ltr'>Eusebium,</span> <span class='ocrx_word' id='word_1_779' title='bbox 728 5588 759 5647; x_wconf 89' lang='lat' dir='ltr'>in</span> <span class='ocrx_word' id='word_1_780' title='bbox 769 5590 854 5664; x_wconf 87' lang='lat' dir='ltr'>cujus</span> <span class='ocrx_word' id='word_1_781' title='bbox 863 5607 939 5667; x_wconf 85' lang='lat' dir='ltr'>pure</span> <span class='ocrx_word' id='word_1_782' title='bbox 991 5592 1132 5671; x_wconf 81' lang='lat' dir='ltr'>apostolis</span> <span class='ocrx_word' id='word_1_783' title='bbox 1147 5593 1265 5657; x_wconf 87' lang='lat' dir='ltr'>initium</span> <span class='ocrx_word' id='word_1_784' title='bbox 1280 5596 1453 5671; x_wconf 84' lang='lat' dir='ltr'>sumpsisse.</span> 
     </span>
    </p>
   </div>
   <div class='ocr_carea' id='block_1_10' title="bbox 0 0 1958 6096">
    <p class='ocr_par' dir='ltr' id='par_1_14' title="bbox 0 0 1958 6096">
     <span class='ocr_line' id='line_1_61' title="bbox 0 0 1958 6096; baseline 0 11"><span class='ocrx_word' id='word_1_785' title='bbox 0 0 1958 6096; x_wconf 95' lang='lat' dir='ltr'> </span> 
     </span>
    </p>
   </div>
  </div>
 </body>
</html>
