3908 6096
117 276 174 355 (91
418 270 685 339 nicosinum
709 270 925 351 ΕΒΙὸΤΟΙιΑὸ
947 275 1078 343 PAULI.
1094 308 1135 326 ·-
1149 278 1188 343 ΙΝ
1206 276 1327 343 briss
1349 277 1402 340 ΑΙ)
1424 279 1520 343 ΗΘΜ.
1763 285 1821 362 (98

119 407 165 467 dit
178 405 256 463 enim
271 421 324 479 por
332 404 476 478 Spiritum
490 410 635 476 sanctum,
649 405 764 463 futuros
779 406 941 478 hereticos,
956 410 984 477 Δ
1033 409 1128 473 Quare
1138 414 1237 469 autem
1247 411 1286 466 im
1291 410 1430 482 possibile
1439 415 1526 482 esset,
1538 413 1666 477 ostendit
1675 429 1741 471 cum
1752 418 1821 474 eub-

117 496 170 568 qui
195 495 327 552 dicerent
355 499 491 551 naturam
520 494 624 550 animae
652 511 715 552 esse
730 512 748 551 a
765 497 831 568 Deo,
847 496 944 554 cernis
999 497 1077 553 ditur
1094 516 1100 553 ε
1118 499 1150 554 im
1169 515 1222 569 que
1249 500 1452 571 infirmabatur
1477 517 1530 572 per
1557 517 1679 559 carnem
1694 503 1822 563 iubebat

116 601 187 649 aero
203 583 367 657 aprincipe
386 583 588 652 tenebrarum
605 583 728 655 ideoque
749 584 800 652 ait,
815 601 862 656 eqo
877 586 944 656 ipse,
999 586 1092 654 enim,
1103 589 1153 644 esd
1170 605 1228 645 non
1245 589 1419 659 adjuvabat;
1435 590 1553 646 infirma
1567 596 1711 664 precepta
1721 594 1820 663 dabat,

118 680 265 747 tanquam
280 672 389 729 diceret
404 688 411 727 :
428 688 485 728 non
510 676 555 729 est
576 672 767 742 masseritie,
783 690 841 730 non
866 673 944 730 enim
1000 675 1051 730 sed
1067 691 1123 731 non
1139 678 1271 732 sanabat.
1287 676 1341 732 Per
1354 693 1470 733 carnem
1490 695 1555 734 vero
1568 679 1648 748 dicit,
1659 698 1711 752 per
1724 682 1822 747 caruis

118 765 185 835 dua
201 767 231 819 et
245 761 396 819 contrariu
416 760 445 816 in
468 777 515 817 me
530 764 601 817 sunt
615 765 736 830 naturae,
753 778 813 818 uns
835 779 852 818 a
875 762 944 830 Deo,
1000 761 1240 835 intelligentiam
1257 781 1326 819 uam
1350 764 1396 819 lex
1419 764 1590 837 spiritaliter
1614 767 1760 826 intellecta
1774 787 1822 827 ea·

121 853 216 910 altera
229 868 248 907 a
260 850 445 908 tenebrarum
470 848 613 923 principe,
629 850 681 908 sed
704 866 757 923 ego
779 850 853 921 ipse,
868 867 946 907 unus
1000 851 1067 908 dem
1082 857 1169 908 estet
1183 853 1277 925 gralia
1291 852 1448 919 Evangelii.

118 941 260 1019 idemque
274 938 360 996 homo
384 954 472 994 carus
497 938 590 995 servio
618 937 674 1011 legi
702 940 824 1011 peccati,
837 937 948 997 scilicet
1034 940 1105 996 Deus
1120 943 1224 999 Filium
1246 957 1328 997 suam
1350 943 1463 998 mittem
1490 946 1520 999 in
1548 946 1733 1005 similitudine
1749 947 1823 1021 (259)

119 1027 369 1104 concupiscend03
385 1029 483 1083 monte
503 1042 581 1096 vero,
596 1026 654 1101 legi
677 1026 740 1093 Dei,
755 1027 786 1082 id
809 1031 863 1099 est,
879 1043 948 1084 oon·
1000 1029 1096 1086 cornis
1121 1032 1234 1102 peccati.
1266 1030 1392 1086 Dicendo
1419 1047 1516 1101 scum,
1540 1035 1670 1092 ostendit
1697 1036 1766 1108 quia
1794 1040 1824 1095 et

119 1115 311 1193 cupiscentiis
323 1115 497 1173 resistendo.
1002 1117 1175 1190 priusquam
1192 1119 1355 1176 mitteretur
1366 1119 1457 1176 lilius
1470 1126 1542 1177 eret.
1555 1123 1589 1178 lit
1602 1129 1671 1180 nota
1685 1126 1823 1197 quianon

156 1209 274 1263 Poterat
295 1204 332 1262 ad
348 1204 409 1261 heo
425 1204 532 1277 aliquis
547 1204 643 1262 dicere
660 1222 666 1261 :
688 1205 758 1277 quia
781 1221 868 1262 cerne
891 1206 950 1279 legi
1001 1205 1043 1263 ait
1058 1222 1065 1260 ι
1080 1207 1112 1261 ln
1127 1223 1211 1264 come
1223 1209 1340 1280 peccati,
1355 1209 1404 1263 sed
1418 1209 1447 1263 in
1460 1210 1645 1268 similitudine
1658 1215 1750 1269 ommis
1761 1231 1822 1288 pea-

120 1295 232 1371 peccati
259 1293 363 1362 servis,
390 1298 509 1365 propter
531 1293 607 1350 hanc
636 1293 806 1350 servitutem
835 1294 948 1369 aliquid
1002 1296 1082 1350 coti:
1099 1294 1189 1351 Filius
1203 1295 1281 1351 enim
1296 1295 1347 1352 Dei
1362 1296 1492 1368 veniens,
1508 1313 1696 1357 noncarnem
1713 1303 1823 1376 peccati

120 1382 322 1443 damnationis
339 1382 479 1454 nequicie,
490 1398 528 1437 an
544 1381 622 1438 non‘i
635 1382 757 1454 ideoque
772 1383 947 1454 subjunxit:
1002 1382 1039 1440 de
1052 1382 1182 1456 Virgine,
1199 1385 1250 1440 sed
1270 1383 1500 1442 similitudinem
1510 1387 1608 1443 carnis
1630 1391 1740 1460 peccati
1754 1409 1823 1448 sus·

121 1474 198 1547 (256)
217 1472 296 1545 (Car.
307 1470 394 1542 Vlll.)
408 1469 486 1527 Nihil
499 1486 563 1541 erpo
577 1470 651 1543 (257)
666 1487 741 1527 mone
763 1471 949 1530 damnationis
1003 1470 1089 1545 cepit.
1107 1473 1139 1528 ln
1155 1489 1242 1529 carne
1258 1474 1366 1546 quippe
1388 1475 1508 1546 peceati,
1526 1491 1605 1532 mors
1625 1476 1714 1534 simul
1730 1485 1775 1536 est
1794 1485 1825 1538 st

120 1562 292 1632 ostiisque
314 1563 381 1619 sant
406 1561 436 1615 im
461 1558 568 1616 Christo
591 1563 668 1628 iesu,
683 1564 738 1616 etc.
755 1566 796 1616 Ac
821 1563 846 1617 si
871 1561 949 1618 dice·
1002 1564 1171 1634 peccatum;
1202 1562 1232 1616 in
1261 1562 1454 1619 similitudine
1482 1579 1548 1619 varo
1578 1565 1674 1622 earnis
1702 1568 1824 1638 peccati,

119 1656 188 1714 ret:
204 1649 278 1723 (aba)
295 1648 369 1706 nihil
389 1647 463 1704 mihi
477 1648 676 1705 damnationis
700 1654 745 1706 est
761 1665 767 1704 :
786 1665 838 1705 nec
853 1649 948 1707 solum
1003 1649 1067 1706 sola
1081 1666 1160 1706 mors
1184 1666 1272 1721 quam
1288 1650 1430 1707 Dominus
1445 1669 1497 1724 pro
1513 1653 1597 1709 nobie
1617 1655 1747 1726 pertulit,
1760 1656 1824 1713 nul·

122 1739 208 1809 mihi,
224 1739 275 1796 sed
298 1742 327 1794 et
349 1736 488 1793 omnibus
513 1737 563 1809 qui
586 1741 656 1793 sunt
679 1737 709 1793 in
725 1737 842 1796 Christo
867 1740 948 1811 lesu,
963 1779 989 1847 B
1004 1736 1066 1794 lum
1088 1738 1208 1794 omnino
1224 1739 1334 1796 habens
1354 1745 1520 1811 peccatum
1537 1741 1614 1806 unde
1637 1743 1739 1801 Petrus
1754 1761 1826 1818 apo-

121 1829 173 1904 qssi
185 1843 242 1887 oon
254 1826 405 1887 emendam
418 1842 531 1883 mmmm
553 1826 707 1884 amintam.
726 1825 770 1882 llli
785 1829 948 1885 secundum
1003 1825 1097 1883 stolus
1112 1845 1119 1883 :
1135 1831 1281 1886 Peccatum
1294 1845 1352 1884 noa
1363 1831 1428 1901 [ecit
1444 1829 1467 1900 (l
1481 1835 1556 1886 Pete.
1574 1847 1605 1897 ιι,
1620 1833 1676 1904 22),
1691 1838 1748 1890 etc.

122 1932 243 1988 carnem
258 1932 316 1973 nou
331 1913 494 1982 ambulant,
504 1915 565 1987 qui,
576 1914 631 1973 etsi
646 1916 868 1988 concupiscunt,
879 1933 947 1974 con·
1038 1916 1070 1970 lit
1085 1916 1119 1972 de
1130 1924 1239 1988 peccato
1263 1915 1405 1973 damnavit
1424 1920 1567 1988 peccatam
1590 1920 1621 1974 in
1643 1935 1736 1977 corae.
1751 1920 1827 1986 Quid

122 2004 315 2078 cupiscentiis
329 2009 428 2062 tamen
453 2004 565 2060 fortiter
589 2004 741 2072 resistunt,
751 2010 780 2061 et
793 2005 902 2063 idcirco
917 2006 948 2068 iu
1002 2002 1058 2060 sibi
1074 2002 1224 2076 vultqued
1236 2003 1461 2078 aicdepeccam,
1472 2021 1540 2060 cum
1551 2010 1651 2064 Petrus
1666 1996 1828 2080 dieat,quia

122 2093 240 2155 Christo
253 2094 324 2150 lesu
348 2095 433 2160 aunt3
452 2092 571 2164 quique,
587 2092 642 2149 atsi
666 2097 734 2149 ante
756 2094 948 2166 baptismum,
1002 2096 1155 2165 peccatum
1171 2110 1230 2148 nen
1245 2093 1394 2149 iecitlSed
1405 2093 1558 2150 sciendum
1569 2096 1639 2167 quia
1650 2113 1714 2154 mos
1726 2096 1781 2154 luit
1795 2099 1826 2154 in

122 2181 364 2256 concupiscentia
375 2182 759 2254 prebueruntcousensum,
769 2187 820 2238 aut
829 2182 948 2255 aliquod
1002 2180 1098 2236 Veteri
1110 2182 1298 2238 Testamenta
1309 2187 1342 2237 ut
1351 2198 1437 2237 omne
1447 2184 1626 2240 sacrificium
1641 2201 1693 2256 pro
1709 2197 1827 2258 peccato

122 2271 269 2346 flagitium
293 2270 517 2336 commiserunt,
539 2286 588 2342 per
612 2275 829 2327 sacramentum
851 2275 948 2328 tamen
1003 2275 1154 2340 peccatum
1181 2269 1336 2326 diceretur.
1360 2270 1429 2326 Tale
1457 2271 1634 2328 sacrificium
1659 2274 1754 2330 iactus
1783 2280 1829 2332 est

124 2361 268 2435 baptismi
283 2363 312 2416 et
325 2358 473 2416 lavacrum
498 2358 726 2431 regenerationis
752 2360 949 2416 totumiueis
1002 2357 1156 2426 Dominus,
1174 2373 1240 2412 cum
1269 2359 1401 2431 seipsum
1421 2376 1473 2431 pro
1489 2359 1574 2417 nobie
1598 2360 1628 2417 iu
1653 2378 1704 2419 ara
1731 2366 1827 2422 crucis

122 2448 253 2507 deletum
267 2453 324 2517 est,
339 2439 553 2520 ideoque'nihil
572 2450 617 2504 eet
631 2446 674 2503 eis
690 2448 898 2505 damnationis.
915 2449 951 2506 lit
1003 2446 1120 2502 obtulit.
1132 2447 1214 2503 Unde
1228 2447 1306 2503 idem
1321 2447 1478 2520 Apostolus
1493 2447 1563 2504 alibi
1578 2449 1649 2505 dicit
1665 2469 1672 2506 :
1686 2451 1768 2520 Eam,
1779 2454 1828 2525 qai

123 2543 268 2610 tanquam
284 2541 425 2609 quareret
445 2534 553 2608 aliquis
568 2536 715 2608 quemodo
730 2553 747 2593 a
762 2537 950 2594 damnatione
1003 2535 1081 2607 [aaa]
1090 2535 1164 2608 (260)
1174 2544 1287 2592 meumst
1299 2544 1451 2605 peccatum,
1457 2546 1602 2610 peecatum
1611 2554 1662 2610 pro
1673 2539 1752 2596 raedis
1762 2541 1827 2612 iecit

123 2625 268 2685 liberatus
290 2625 341 2692 sit,
365 2624 479 2680 addidit
494 2639 501 2680 :
517 2625 577 2680 Lem
600 2626 675 2680 mim
696 2626 814 2696 spiritus
838 2627 905 2683 vitae
919 2626 951 2680 im
1003 2623 1042 2694 (ll
1057 2624 1119 2681 Cor.
1129 2642 1157 2692 v,
1167 2625 1224 2698 22),
1236 2625 1265 2680 id
1281 2628 1326 2682 est
1339 2624 1466 2681 hostiam
1482 2642 1534 2697 pro
1549 2630 1676 2698 peccato.
1690 2632 1727 2684 De
1742 2645 1827 2686 carne

126 2715 234 2774 ciram
261 2715 323 2772 iesu
350 2712 478 2770 liberavit
491 2729 534 2770 me
557 2730 575 2769 c
597 2714 654 2784 tepe
679 2715 784 2785 peccati
796 2716 823 2770 et
842 2718 949 2771 mertis.
1004 2729 1083 2786 ergo,
1096 2729 1185 2785 quam
1200 2715 1235 2770 de
1245 2713 1364 2787 Virgine
1379 2714 1444 2770 sine
1468 2718 1585 2786 peceato
1600 2716 1740 2789 sumpsit,
1753 2734 1827 2773 nun·

125 2804 199 2863 Ecce
212 2802 370 2876 Apostolus
393 2802 484 2859 tertioe
507 2802 580 2874 legis
604 2801 783 2859 mentionem
797 2804 877 2860 iacit.
893 2803 950 2860 Sed
1005 2802 1492 2874 quampeccsudo,omneinnobis
1504 2805 1825 2875 peccatumdamnavit,

127 2909 193 2968 qum
207 2896 252 2949 est
266 2892 327 2948 hac
343 2892 389 2947 lex
407 2891 530 2964 spiritus
544 2895 573 2947 et
586 2890 669 2947 vitei
683 2895 749 2948 Hac
763 2896 809 2949 est
822 2892 868 2948 lex
883 2892 950 2949 fidei
1004 2906 1072 2946 cum
1087 2906 1151 2946 eam
1163 2892 1239 2962 (261)
1249 2907 1300 2962 pro
1316 2896 1434 2963 peccato
1449 2890 1544 2947 Patris
1558 2892 1736 2949 sacrificium
1749 2893 1826 2950 lecit.

127 2987 157 3038 et
171 2980 392 3048 misericerdiam
407 2980 455 3036 len
467 2979 530 3036 haec
541 2984 586 3036 est
606 2980 704 3054 gratie
717 2980 874 3053 Evangelii,
886 2997 952 3052 quae
1041 2979 1081 3034 ld
1110 2978 1180 3049 quid
1207 2983 1361 3050 peccatum
1390 2979 1581 3048 damnaverit,
1601 2981 1730 3052 aperitur
1758 2998 1826 3038 cum

128 3071 194 3128 ideo
211 3067 258 3127 ies
271 3071 339 3128 cites
359 3068 475 3138 dicitur,
491 3067 542 3140 qui
557 3085 575 3124 a
589 3072 682 3125 morte
700 3067 821 3136 liberat;
837 3070 883 3126 tex
895 3071 951 3142 spi·
1006 3066 1166 3123 subditur:
1189 3068 1221 3124 lit
1242 3067 1400 3137 justificatio
1414 3068 1481 3139 lepis
1502 3069 1663 3139 impieretur
1686 3071 1717 3125 ia
1739 3071 1828 3126 aubia

126 3161 209 3230 ritus,
232 3159 303 3232 quia
327 3157 465 3215 vivificat.
481 3156 632 3224 Quomodo
662 3161 760 3213 autem
788 3155 849 3214 hac
875 3156 920 3213 lex
936 3141 989 3214 αθ
1006 3154 1251 3210 iustificationum
1266 3154 1339 3227 legis
1353 3154 1425 3212 dicit
1443 3154 1605 3226 spiritalem
1624 3157 1654 3212 in
1668 3155 1732 3230 lege
1746 3156 1830 3214 intel·

126 3246 193 3322 lege
203 3246 315 3320 peccati
329 3251 358 3302 et
371 3246 475 3303 mortis
500 3244 623 3302 liberati
645 3244 761 3301 Scilicet
775 3261 826 3317 per
839 3245 952 3318 baptis·
1006 3240 1169 3314 ligentiam.
1185 3242 1360 3300 laetificatio
1384 3259 1453 3315 ergo
1467 3242 1540 3315 legis
1554 3244 1585 3299 in
1601 3245 1686 3302 nobis
1708 3245 1830 3318 implete

126 3352 213 3393 mum
224 3333 427 3393 remissionem
438 3333 571 3390 omnium
581 3333 736 3390 tribuendo
751 3337 952 3405 peccatorum3
1007 3336 1062 3399 est,
1076 3347 1143 3387 cum
1160 3330 1253 3404 legem
1275 3330 1446 3404 spiritaliter
1463 3330 1669 3405 intelligentes,
1686 3350 1737 3406 per
1750 3333 1829 3391 lava·

125 3424 237 3481 liberat
263 3421 353 3480 etiam
379 3439 396 3479 a
421 3420 485 3495 lege
513 3436 656 3494 corporeae
683 3422 795 3491 mortis,
812 3423 952 3494 queniam
1007 3436 1091 3477 orum
1106 3420 1245 3492 baptismi
1255 3425 1283 3476 et
1292 3419 1417 3493 gratiam
1430 3419 1525 3477 sancti
1535 3421 1664 3493 Spiritus
1678 3423 1830 3494 justiilcati

128 3511 236 3582 uncti,
251 3509 306 3567 etsi
320 3511 350 3567 in
365 3526 485 3582 corpore
500 3515 648 3578 maneant,
663 3527 716 3583 per
730 3507 813 3583 spem
828 3528 846 3568 a
860 3516 953 3569 morte
1008 3525 1122 3566 sumus.
1138 3509 1174 3564 lit
1190 3525 1227 3565 ne
1241 3508 1374 3576 dicendo,
1390 3510 1421 3565 iis
1434 3510 1512 3566 mobis
1525 3526 1626 3568 omnes
1641 3512 1831 3584 comprehen-

129 3601 228 3664 carnis
238 3601 303 3673 jam
315 3598 431 3656 liberati
450 3603 530 3670 sunt,
546 3599 617 3671 quia
630 3600 807 3673 quandoque
823 3617 952 3658 resurre-
1008 3596 1086 3654 disse
1101 3598 1258 3665 videratur,
1274 3597 1406 3655 addidit:
1423 3599 1477 3667 Qui
1490 3615 1546 3657 mon
1559 3601 1707 3657 secumdum
1720 3616 1832 3659 comem

130 3689 206 3747 cturi
220 3691 301 3746 suut.
313 3688 358 3756 lit,
369 3687 438 3761 quia
450 3686 497 3744 lex
506 3687 683 3760 Evangelice
692 3689 792 3761 gratiae
805 3688 953 3746 neminem
1007 3686 1250 3755 ambutemus,sed
1262 3683 1563 3760 secandumspiritum,
1575 3689 1728 3762 dequibus
1742 3690 1832 3763 paulo

129 3779 246 3846 liberat,
259 3777 315 3834 uisi
331 3793 383 3849 per
396 3776 543 3833 Christum
557 3778 669 3848 lesum,
680 3777 745 3834 ideo
761 3778 802 3834 ait
813 3796 820 3834 :
831 3778 955 3850 Spiritus
1008 3776 1144 3848 superius
1160 3775 1270 3831 dictum
1286 3781 1341 3832 est.

130 3870 193 3926 oitoe
207 3869 237 3923 im
254 3865 360 3922 Christo
373 3867 449 3922 iesu.
1045 3866 1098 3934 Qui
1111 3864 1187 3920 emim
1200 3865 1350 3921 secundem
1363 3880 1474 3921 carmem
1496 3871 1561 3922 sciit
1576 3881 1639 3938 quae
1662 3868 1755 3924 cumis
1769 3876 1834 3924 sumt

167 3956 204 4012 Ut
217 3961 316 4012 autem
331 3955 499 4012 ostenderet
513 3955 658 4027 quomode
672 3954 703 4010 id
720 3955 829 4011 iactum
844 3955 892 4027 sit,
904 3956 955 4011 ad·
1009 3954 1134 4024 sopiunt.
1146 3952 1313 4008 Secundum
1323 3968 1440 4022 earnem
1458 3956 1526 4008 sunt
1540 3945 1591 4026 qui
1605 3953 1726 4033 inimico
1741 3954 1834 4012 vicem

126 4043 304 4118 jaeiszmm
332 4043 405 4116 qood
434 4043 603 4115 impossibile
630 4051 690 4100 eret
714 4044 779 4113 tepi,
804 4048 859 4100 etc.
883 4045 957 4100 Ecce
1010 4041 1148 4109 reddunt,
1163 4039 1258 4096 aliena
1280 4040 1409 4112 rapiunt,
1425 4046 1454 4098 et
1477 4057 1532 4108 ¹sarra
1547 4056 1604 4113 uon
1626 4039 1792 4119 lapgiuntur
1807 4045 1837 4097 et

132 4133 290 4207 Apostolus
306 4134 370 4204 Jam
386 4136 497 4205 quarte
521 4131 595 4203 legis
610 4132 789 4189 mentionem
805 4132 884 4189 lacit.
899 4131 956 4189 Sed
1011 4127 1069 4186 alia
1082 4128 1129 4184 hie
1157 4127 1266 4183 similia
1280 4131 1385 4200 agunt3
1405 4127 1529 4200 ideoque
1552 4145 1615 4199 que
1639 4128 1737 4184 carnis
1765 4133 1837 4186 sunt

131 4226 256 4295 quaeest
270 4220 349 4277 haec‘i
363 4220 501 4293 Nunquid
516 4220 561 4277 lex
576 4221 684 4278 mentis
695 4225 746 4277 aut
756 4221 956 4277 membrorum
1011 4217 1156 4286 sentiunt;
1171 4232 1188 4273 e
1203 4216 1360 4283 contrario,
1375 4215 1418 4271 illi
1434 4217 1597 4273 secundum
1613 4217 1750 4290 spiritum
1766 4225 1838 4276 sunt

131 4316 221 4383 etque
236 4309 368 4382 peccati?
395 4309 458 4366 Non
488 4309 600 4382 utique,
617 4310 669 4366 sed
698 4308 743 4367 lex
772 4309 914 4366 iacturum
930 4311 959 4365 et
1011 4306 1062 4380 qui
1077 4306 1134 4363 ista
1148 4322 1207 4362 nen
1221 4309 1324 4378 egunt,
1345 4306 1407 4374 sed,
1424 4306 1536 4379 Spiritu
1550 4311 1651 4364 sancto
1666 4307 1836 4380 adjuvante,

131 4414 271 4474 operum
287 4398 334 4456 lex
353 4398 474 4455 basset
496 4414 560 4469 que
583 4398 692 4470 populo
707 4397 759 4453 Dei
775 4414 826 4469 per
839 4397 957 4470 Moysen
1011 4400 1128 4452 terrena
1141 4393 1318 4467 despiciunt,
1332 4394 1501 4452 etcoelestia
1514 4400 1667 4468 appetunt,
1677 4394 1714 4451 de
1728 4395 1838 4469 quibus

130 4489 203 4547 data
217 4492 263 4544 est
276 4487 307 4544 in
322 4492 422 4544 monte
437 4486 516 4558 Sina,
533 4487 569 4543 de
584 4503 643 4559 qua
657 4486 795 4558 superius
812 4503 819 4542 :
835 4486 882 4542 ies
896 4486 958 4558 qai·
973 4505 997 4571 D
1013 4484 1150 4542 subditur
1166 4501 1173 4540 :
1190 4484 1243 4552 Qui
1260 4499 1324 4541 vero
1348 4484 1500 4540 scoriadam
1526 4486 1658 4555 spiritam
1685 4499 1748 4556 quae
1775 4487 1840 4540 sant

130 4578 197 4636 den
212 4584 321 4633 sanctu.
337 4576 411 4642 Quid
427 4593 495 4648 ergo
518 4580 580 4632 erat
594 4575 661 4631 huic
676 4574 733 4648 legi
757 4574 959 4648 impossibile?
1011 4575 1124 4647 spiritus
1138 4575 1273 4628 seruiunt.
1287 4572 1359 4628 Caro
1375 4573 1453 4628 euim
1469 4572 1505 4626 de
1520 4575 1598 4628 terra
1612 4572 1687 4628 iacta
1701 4577 1760 4640 est;
1777 4573 1837 4645 spi-

131 4672 166 4722 ut
179 4682 268 4722 suum
284 4665 447 4722 auditorem
464 4664 648 4721 obedientem
663 4668 692 4720 et
706 4663 867 4737 perlectum
883 4665 958 4720 iace·
1012 4663 1087 4719 ritus
1101 4663 1137 4718 de
1152 4661 1223 4717 coelo
1238 4661 1325 4716 datus
1339 4664 1393 4728 est,
1407 4659 1557 4716 etidcirco
1573 4659 1691 4734 singula
1706 4669 1759 4717 sua
1775 4660 1838 4720 loca

131 4754 339 4827 ret,quoniam
353 4753 398 4810 lex
408 4753 470 4810 bec
481 4753 628 4810 neminem
641 4753 677 4810 ad
693 4752 853 4825 perlectum
864 4752 957 4808 addu-
1012 4752 1175 4823 requirunt.
1187 4749 1268 4806 Unde
1281 4749 1306 4804 si
1317 4749 1465 4820 contingat
1480 4753 1514 4804 ut
1524 4766 1591 4805 caro
1602 4766 1619 4805 a
1629 4750 1733 4823 spiritu
1750 4766 1836 4824 supe·

131 4845 183 4901 cit.
200 4843 275 4900 ilinc
300 4843 404 4900 beatus
418 4843 603 4915 Augustinus
627 4842 709 4910 dicit,
725 4842 796 4914 quia
818 4839 887 4897 huic
901 4839 959 4913 legi
1013 4846 1102 4905 retur,
1118 4843 1198 4894 totus
1220 4837 1308 4892 homo
1323 4836 1430 4892 dicitur
1454 4838 1611 4910 spiritalis;
1627 4843 1658 4895 at
1672 4840 1697 4896 si
1712 4839 1836 4913 spiritus

131 4931 319 5005 impossibile
333 4935 396 4988 erat
410 4929 642 5004 liberarealage
657 4929 767 5004 peceati
782 4933 812 4986 et
827 4929 939 4987 mortis.
1014 4943 1148 4994 acarna,
1177 4928 1257 4983 tetus
1284 4929 1404 4982 vocatur
1431 4925 1567 4984 carnalis.
1598 4928 1667 4984 Num
1687 4928 1838 5002 prudentia

180 5056 235 5112 256
261 5055 313 5112 llic
327 5054 431 5127 incipit
443 5052 527 5124 Vulg.
543 5070 569 5109 e.
582 5052 656 5110 vlll.
1012 5052 1133 5107 verbum
1145 5039 1215 5122 ‘serpo
1229 5049 1316 5105 etiam
1333 5048 1362 5104 in
1372 5049 1464 5122 Vulg.
1480 5051 1606 5124 aliisque
1620 5052 1748 5109 textibus
1761 5048 1835 5120 legi3

170 5057 234 5201 )257
261 5127 293 5182 ln
308 5131 414 5210 Autog.
430 5124 551 5181 verbum
573 5139 637 5195 erpo
661 5123 786 5195 hujusce
809 5125 907 5180 textus
922 5123 959 5180 si·
1013 5123 1134 5180 verbum
1149 5136 1216 5177 vero
1230 5136 1280 5177 aee
1296 5119 1444 5193 nuspiam.

132 5203 257 5275 gnatum
272 5202 317 5255 est
325 5214 360 5255 eo
370 5213 467 5282 signo,
478 5195 555 5269 quod
566 5195 766 5276 expungendis
776 5193 872 5250 verbis
888 5195 957 5251 sub·
1049 5194 1113 5260 (258
1142 5194 1172 5249 ln
1188 5199 1293 5266 Autog.
1310 5206 1404 5264 marg.
1420 5194 1452 5249 li.
1472 5193 1524 5251 Vll.
1541 5195 1576 5263 ll,
1591 5209 1619 5264 p.
1638 5193 1668 5245 P.

132 5286 199 5329 esse
209 5269 295 5327 solet.
304 5271 398 5340 Supra
407 5284 505 5341 ipsum
517 5271 614 5323 autem
625 5270 767 5338 scriptum
777 5263 885 5337 legitur
896 5281 959 5322 ver·
1049 5265 1114 5333 (259
1140 5263 1226 5336 Vulg.
1241 5263 1462 5320 similitudinem.

132 5342 206 5399 bum
221 5357 304 5397 nunc.
317 5340 514 5398 Postuerbum
524 5353 591 5394 vero
601 5340 651 5406 est,
664 5342 731 5393 ante
743 5336 869 5393 alterum
880 5337 959 5408 quod
1049 5336 1113 5404 (260
1141 5335 1242 5391 [leticit
1256 5335 1359 5408 partic.
1374 5350 1430 5390 mem
1446 5339 1545 5406 autog.

132 5412 328 5486 subsequitur
340 5413 389 5479 iis,
406 5411 512 5484 legitur
525 5424 591 5471 nec:
611 5408 689 5481 qued
710 5407 846 5465 similiter
860 5406 958 5464 subsi-
1049 5407 1124 5479 (acl)
1140 5407 1171 5463 ln
1182 5411 1280 5481 autog.
1293 5406 1401 5482 legitur
1413 5421 1460 5470 ec:
1473 5405 1605 5474 sedeam,
1616 5401 1701 5463 idest
1715 5421 1834 5466 caruem

133 5489 259 5559 gnatum
272 5482 433 5540 osteodem
448 5482 473 5537 si
516 5497 615 5554 e,que
629 5478 751 5536 verbum
765 5493 829 5551 erqo
844 5495 958 5566 expun·
1013 5477 1170 5553 legendum
1185 5478 1294 5555 putavi.

134 5557 266 5637 gendum
280 5555 445 5615 denotatur.
457 5498 531 5615 uiis
546 5557 646 5615 tamen
661 5550 834 5622 notandum,
847 5550 960 5613 earliest
