<?xml version="1.0" encoding="UTF-8"?>
<!DOCTYPE html PUBLIC "-//W3C//DTD XHTML 1.0 Transitional//EN"
    "http://www.w3.org/TR/xhtml1/DTD/xhtml1-transitional.dtd">
<html xmlns="http://www.w3.org/1999/xhtml" xml:lang="en" lang="en">
 <head>
  <title>
</title>
<meta http-equiv="Content-Type" content="text/html;charset=utf-8" />
  <meta name='ocr-system' content='tesseract 3.04.00' />
  <meta name='ocr-capabilities' content='ocr_page ocr_carea ocr_par ocr_line ocrx_word'/>
</head>
<body>
  <div class='ocr_page' id='page_1' title='image "./patrologiaecurs77unkngoog/patrologiaecurs77unkngoog_0046.png"; bbox 0 0 3908 6096; ppageno 0'>
   <div class='ocr_carea' id='block_1_1' title="bbox 155 244 1861 338">
    <p class='ocr_par' dir='ltr' id='par_1_1' title="bbox 155 244 1861 338">
     <span class='ocr_line' id='line_1_1' title="bbox 155 244 1861 338; baseline -0.001 -14"><span class='ocrx_word' id='word_1_1' title='bbox 155 258 197 326; x_wconf 81' lang='lat' dir='ltr'><strong>ac</strong></span> <span class='ocrx_word' id='word_1_2' title='bbox 431 244 449 292; x_wconf 66' lang='lat' dir='ltr'><strong>e</strong></span> <span class='ocrx_word' id='word_1_3' title='bbox 667 257 841 338; x_wconf 69' lang='lat' dir='ltr'><strong>arronis</strong></span> <span class='ocrx_word' id='word_1_4' title='bbox 861 252 1352 321; x_wconf 56' lang='lat' dir='ltr'><strong>rciriacournaosrsurusooer</strong></span> <span class='ocrx_word' id='word_1_5' title='bbox 1819 259 1861 322; x_wconf 85' lang='lat' dir='ltr'><strong>se</strong></span> 
     </span>
    </p>
   </div>
   <div class='ocr_carea' id='block_1_2' title="bbox 155 387 1861 468">
    <p class='ocr_par' dir='ltr' id='par_1_2' title="bbox 155 387 1861 468">
     <span class='ocr_line' id='line_1_2' title="bbox 155 387 1861 468; baseline -0.001 -16"><span class='ocrx_word' id='word_1_6' title='bbox 155 393 185 452; x_wconf 88' lang='lat' dir='ltr'><strong>di</strong></span> <span class='ocrx_word' id='word_1_7' title='bbox 199 407 374 468; x_wconf 87' lang='lat' dir='ltr'><strong>responsum</strong></span> <span class='ocrx_word' id='word_1_8' title='bbox 389 395 507 466; x_wconf 90' lang='lat' dir='ltr'><strong>propter</strong></span> <span class='ocrx_word' id='word_1_9' title='bbox 528 392 730 450; x_wconf 87' lang='lat' dir='ltr'><strong>innocentium</strong></span> <span class='ocrx_word' id='word_1_10' title='bbox 745 390 975 464; x_wconf 87' lang='lat' dir='ltr'><strong>simplicitatem,</strong></span> <span class='ocrx_word' id='word_1_11' title='bbox 990 389 1019 463; x_wconf 71' lang='lat' dir='ltr'>A</span> <span class='ocrx_word' id='word_1_12' title='bbox 1034 387 1096 446; x_wconf 89' lang='lat' dir='ltr'><strong>lum</strong></span> <span class='ocrx_word' id='word_1_13' title='bbox 1112 404 1214 446; x_wconf 89' lang='lat' dir='ltr'><strong>eorum</strong></span> <span class='ocrx_word' id='word_1_14' title='bbox 1229 389 1377 447; x_wconf 85' lang='lat' dir='ltr'><strong>sententia</strong></span> <span class='ocrx_word' id='word_1_15' title='bbox 1398 406 1458 448; x_wconf 89' lang='lat' dir='ltr'><strong>nou</strong></span> <span class='ocrx_word' id='word_1_16' title='bbox 1474 407 1491 447; x_wconf 90' lang='lat' dir='ltr'><strong>a</strong></span> <span class='ocrx_word' id='word_1_17' title='bbox 1513 405 1568 447; x_wconf 90' lang='lat' dir='ltr'><strong>suo</strong></span> <span class='ocrx_word' id='word_1_18' title='bbox 1580 389 1682 463; x_wconf 89' lang='lat' dir='ltr'><strong>judice</strong></span> <span class='ocrx_word' id='word_1_19' title='bbox 1694 390 1774 451; x_wconf 87' lang='lat' dir='ltr'><strong>dicta</strong></span> <span class='ocrx_word' id='word_1_20' title='bbox 1789 410 1861 452; x_wconf 90' lang='lat' dir='ltr'><strong>con·</strong></span> 
     </span>
    </p>
   </div>
   <div class='ocr_carea' id='block_1_3' title="bbox 147 477 1862 1980">
    <p class='ocr_par' dir='ltr' id='par_1_3' title="bbox 147 477 1862 1004">
     <span class='ocr_line' id='line_1_3' title="bbox 154 477 1862 556; baseline 0 -16"><span class='ocrx_word' id='word_1_21' title='bbox 154 488 184 540; x_wconf 87' lang='lat' dir='ltr'><strong>et</strong></span> <span class='ocrx_word' id='word_1_22' title='bbox 201 483 402 556; x_wconf 87' lang='lat' dir='ltr'><strong>improborum</strong></span> <span class='ocrx_word' id='word_1_23' title='bbox 430 487 637 556; x_wconf 88' lang='lat' dir='ltr'><strong>argumentosa</strong></span> <span class='ocrx_word' id='word_1_24' title='bbox 659 481 898 537; x_wconf 90' lang='lat' dir='ltr'><strong>machinamenta</strong></span> <span class='ocrx_word' id='word_1_25' title='bbox 920 496 978 536; x_wconf 91' lang='lat' dir='ltr'><strong>uon</strong></span> <span class='ocrx_word' id='word_1_26' title='bbox 1033 477 1168 550; x_wconf 87' lang='lat' dir='ltr'><strong>stringat.</strong></span> <span class='ocrx_word' id='word_1_27' title='bbox 1186 500 1200 528; x_wconf 77' lang='lat' dir='ltr'><strong>n</strong></span> <span class='ocrx_word' id='word_1_28' title='bbox 1217 479 1358 536; x_wconf 80' lang='lat' dir='ltr'><strong>Eiidem:</strong></span> <span class='ocrx_word' id='word_1_29' title='bbox 1375 503 1389 530; x_wconf 92' lang='lat'>«</span> <span class='ocrx_word' id='word_1_30' title='bbox 1414 481 1573 537; x_wconf 77' lang='lat' dir='ltr'><strong>Duodecim</strong></span> <span class='ocrx_word' id='word_1_31' title='bbox 1594 482 1711 552; x_wconf 86' lang='lat' dir='ltr'><strong>judices</strong></span> <span class='ocrx_word' id='word_1_32' title='bbox 1735 483 1862 555; x_wconf 83' lang='lat' dir='ltr'><strong>quilibet</strong></span> 
     </span>
     <span class='ocr_line' id='line_1_4' title="bbox 154 567 1860 646; baseline -0.001 -15"><span class='ocrx_word' id='word_1_33' title='bbox 154 573 300 631; x_wconf 85' lang='lat' dir='ltr'><strong>modicam</strong></span> <span class='ocrx_word' id='word_1_34' title='bbox 316 576 534 638; x_wconf 89' lang='lat' dir='ltr'><strong>concesserunt,</strong></span> <span class='ocrx_word' id='word_1_35' title='bbox 550 570 687 631; x_wconf 86' lang='lat' dir='ltr'><strong>Damnari</strong></span> <span class='ocrx_word' id='word_1_36' title='bbox 698 570 787 626; x_wconf 90' lang='lat' dir='ltr'><strong>etiam</strong></span> <span class='ocrx_word' id='word_1_37' title='bbox 802 586 851 626; x_wconf 89' lang='lat' dir='ltr'><strong>eos</strong></span> <span class='ocrx_word' id='word_1_38' title='bbox 867 570 978 641; x_wconf 90' lang='lat' dir='ltr'><strong>absque</strong></span> <span class='ocrx_word' id='word_1_39' title='bbox 1033 567 1188 640; x_wconf 85' lang='lat' dir='ltr'><strong>episcopus</strong></span> <span class='ocrx_word' id='word_1_40' title='bbox 1203 573 1368 638; x_wconf 87' lang='lat' dir='ltr'><strong>accusatus,</strong></span> <span class='ocrx_word' id='word_1_41' title='bbox 1385 570 1410 626; x_wconf 90' lang='lat' dir='ltr'><strong>si</strong></span> <span class='ocrx_word' id='word_1_42' title='bbox 1419 586 1539 628; x_wconf 88' lang='lat' dir='ltr'><strong>necesse</strong></span> <span class='ocrx_word' id='word_1_43' title='bbox 1548 570 1646 643; x_wconf 86' lang='lat' dir='ltr'><strong>luerit,</strong></span> <span class='ocrx_word' id='word_1_44' title='bbox 1654 571 1753 645; x_wconf 90' lang='lat' dir='ltr'><strong>eligat,</strong></span> <span class='ocrx_word' id='word_1_45' title='bbox 1770 575 1860 646; x_wconf 89' lang='lat' dir='ltr'><strong>aqui-</strong></span> 
     </span>
     <span class='ocr_line' id='line_1_5' title="bbox 154 656 1861 732; baseline 0.001 -13"><span class='ocrx_word' id='word_1_46' title='bbox 154 665 261 719; x_wconf 85' lang='lat' dir='ltr'><strong>sanciae</strong></span> <span class='ocrx_word' id='word_1_47' title='bbox 278 662 415 718; x_wconf 81' lang='lat' dir='ltr'><strong>Romane</strong></span> <span class='ocrx_word' id='word_1_48' title='bbox 425 662 508 718; x_wconf 91' lang='lat' dir='ltr'><strong>Sedis</strong></span> <span class='ocrx_word' id='word_1_49' title='bbox 515 660 684 717; x_wconf 85' lang='lat' dir='ltr'><strong>auctoritaie</strong></span> <span class='ocrx_word' id='word_1_50' title='bbox 696 659 909 715; x_wconf 89' lang='lat' dir='ltr'><strong>interdixerunt</strong></span> <span class='ocrx_word' id='word_1_51' title='bbox 918 673 980 713; x_wconf 92' lang='lat' dir='ltr'><strong>om·</strong></span> <span class='ocrx_word' id='word_1_52' title='bbox 1032 656 1088 712; x_wconf 90' lang='lat' dir='ltr'><strong>bus</strong></span> <span class='ocrx_word' id='word_1_53' title='bbox 1104 658 1168 728; x_wconf 87' lang='lat' dir='ltr'><strong>ejus</strong></span> <span class='ocrx_word' id='word_1_54' title='bbox 1184 673 1273 714; x_wconf 90' lang='lat' dir='ltr'><strong>causa</strong></span> <span class='ocrx_word' id='word_1_55' title='bbox 1285 659 1366 730; x_wconf 90' lang='lat' dir='ltr'><strong>juste</strong></span> <span class='ocrx_word' id='word_1_56' title='bbox 1377 659 1527 730; x_wconf 89' lang='lat' dir='ltr'><strong>judicetur</strong></span> <span class='ocrx_word' id='word_1_57' title='bbox 1537 685 1545 727; x_wconf 89' lang='lat'>;</span> <span class='ocrx_word' id='word_1_58' title='bbox 1557 676 1610 716; x_wconf 91' lang='lat' dir='ltr'><strong>nec</strong></span> <span class='ocrx_word' id='word_1_59' title='bbox 1624 661 1707 732; x_wconf 89' lang='lat' dir='ltr'><strong>priua</strong></span> <span class='ocrx_word' id='word_1_60' title='bbox 1722 663 1861 720; x_wconf 89' lang='lat' dir='ltr'><strong>audiatur</strong></span> 
     </span>
     <span class='ocr_line' id='line_1_6' title="bbox 147 746 1861 824; baseline 0 -15"><span class='ocrx_word' id='word_1_61' title='bbox 147 751 242 823; x_wconf 51' lang='lat' dir='ltr'><strong>¹uin03</strong></span> <span class='ocrx_word' id='word_1_62' title='bbox 259 751 393 824; x_wconf 91' lang='lat' dir='ltr'><strong>quamvis</strong></span> <span class='ocrx_word' id='word_1_63' title='bbox 408 751 519 817; x_wconf 90' lang='lat' dir='ltr'><strong>audire,</strong></span> <span class='ocrx_word' id='word_1_64' title='bbox 534 749 578 804; x_wconf 92' lang='lat' dir='ltr'><strong>vel</strong></span> <span class='ocrx_word' id='word_1_65' title='bbox 590 749 734 804; x_wconf 88' lang='lat' dir='ltr'><strong>discutere</strong></span> <span class='ocrx_word' id='word_1_66' title='bbox 747 746 979 821; x_wconf 78' lang='lat' dir='ltr'><strong>metropolitanis</strong></span> <span class='ocrx_word' id='word_1_67' title='bbox 1033 749 1084 801; x_wconf 90' lang='lat' dir='ltr'><strong>aui</strong></span> <span class='ocrx_word' id='word_1_68' title='bbox 1094 747 1417 804; x_wconf 81' lang='lat' dir='ltr'><strong>excommuniceturvcl</strong></span> <span class='ocrx_word' id='word_1_69' title='bbox 1424 748 1584 820; x_wconf 89' lang='lat' dir='ltr'><strong>judicetur,</strong></span> <span class='ocrx_word' id='word_1_70' title='bbox 1596 766 1686 821; x_wconf 90' lang='lat' dir='ltr'><strong>quam</strong></span> <span class='ocrx_word' id='word_1_71' title='bbox 1696 751 1754 824; x_wconf 90' lang='lat' dir='ltr'><strong>ipsi</strong></span> <span class='ocrx_word' id='word_1_72' title='bbox 1768 769 1819 824; x_wconf 91' lang='lat' dir='ltr'><strong>per</strong></span> <span class='ocrx_word' id='word_1_73' title='bbox 1828 769 1861 809; x_wconf 89' lang='lat' dir='ltr'><strong>se</strong></span> 
     </span>
     <span class='ocr_line' id='line_1_7' title="bbox 155 834 1859 913; baseline 0.001 -16"><span class='ocrx_word' id='word_1_74' title='bbox 155 856 216 897; x_wconf 77' lang='lat' dir='ltr'><strong>sua</strong></span> <span class='ocrx_word' id='word_1_75' title='bbox 226 857 293 897; x_wconf 90' lang='lat' dir='ltr'><strong>cum</strong></span> <span class='ocrx_word' id='word_1_76' title='bbox 308 855 452 896; x_wconf 90' lang='lat' dir='ltr'><strong>consensu</strong></span> <span class='ocrx_word' id='word_1_77' title='bbox 468 837 601 894; x_wconf 90' lang='lat' dir='ltr'><strong>omnium</strong></span> <span class='ocrx_word' id='word_1_78' title='bbox 619 835 907 908; x_wconf 77' lang='lat' dir='ltr'><strong>comprovincialium</strong></span> <span class='ocrx_word' id='word_1_79' title='bbox 922 835 982 908; x_wconf 91' lang='lat' dir='ltr'><strong>epi·</strong></span> <span class='ocrx_word' id='word_1_80' title='bbox 1033 834 1152 907; x_wconf 79' lang='lat' dir='ltr'><strong>eligant.</strong></span> <span class='ocrx_word' id='word_1_81' title='bbox 1171 856 1185 885; x_wconf 76' lang='lat' dir='ltr'><strong>a</strong></span> <span class='ocrx_word' id='word_1_82' title='bbox 1202 837 1236 891; x_wconf 80' lang='lat' dir='ltr'><strong>ut</strong></span> <span class='ocrx_word' id='word_1_83' title='bbox 1249 836 1341 894; x_wconf 83' lang='lat' dir='ltr'><strong>Felix:</strong></span> <span class='ocrx_word' id='word_1_84' title='bbox 1359 860 1373 888; x_wconf 75' lang='grc' dir='ltr'>α</span> <span class='ocrx_word' id='word_1_85' title='bbox 1388 842 1427 893; x_wconf 87' lang='lat' dir='ltr'><strong>De</strong></span> <span class='ocrx_word' id='word_1_86' title='bbox 1435 837 1562 894; x_wconf 89' lang='lat' dir='ltr'><strong>induciis</strong></span> <span class='ocrx_word' id='word_1_87' title='bbox 1571 855 1638 895; x_wconf 89' lang='lat' dir='ltr'><strong>vero</strong></span> <span class='ocrx_word' id='word_1_88' title='bbox 1652 840 1859 913; x_wconf 90' lang='lat' dir='ltr'><strong>episcoporum</strong></span> 
     </span>
     <span class='ocr_line' id='line_1_8' title="bbox 156 925 1860 1004; baseline 0 -18"><span class='ocrx_word' id='word_1_89' title='bbox 156 945 313 1004; x_wconf 88' lang='lat' dir='ltr'><strong>scaporum</strong></span> <span class='ocrx_word' id='word_1_90' title='bbox 329 930 368 985; x_wconf 90' lang='lat' dir='ltr'><strong>sit</strong></span> <span class='ocrx_word' id='word_1_91' title='bbox 381 926 498 983; x_wconf 89' lang='lat' dir='ltr'><strong>licentia</strong></span> <span class='ocrx_word' id='word_1_92' title='bbox 512 926 664 982; x_wconf 89' lang='lat' dir='ltr'><strong>attributa.</strong></span> <span class='ocrx_word' id='word_1_93' title='bbox 1034 940 1122 994; x_wconf 89' lang='lat' dir='ltr'><strong>super</strong></span> <span class='ocrx_word' id='word_1_94' title='bbox 1137 925 1244 996; x_wconf 90' lang='lat' dir='ltr'><strong>quibus</strong></span> <span class='ocrx_word' id='word_1_95' title='bbox 1258 927 1461 993; x_wconf 68' lang='lat' dir='ltr'><strong>meministis,</strong></span> <span class='ocrx_word' id='word_1_96' title='bbox 1477 926 1610 984; x_wconf 89' lang='lat' dir='ltr'><strong>diversas</strong></span> <span class='ocrx_word' id='word_1_97' title='bbox 1629 944 1646 983; x_wconf 87' lang='lat' dir='ltr'><strong>a</strong></span> <span class='ocrx_word' id='word_1_98' title='bbox 1660 929 1798 986; x_wconf 85' lang='lat' dir='ltr'><strong>Patribus</strong></span> <span class='ocrx_word' id='word_1_99' title='bbox 1813 947 1860 986; x_wconf 86' lang='lat' dir='ltr'><strong>re·</strong></span> 
     </span>
    </p>

    <p class='ocr_par' dir='ltr' id='par_1_4' title="bbox 153 1011 1862 1980">
     <span class='ocr_line' id='line_1_9' title="bbox 192 1011 1862 1091; baseline -0.001 -16"><span class='ocrx_word' id='word_1_100' title='bbox 192 1019 247 1075; x_wconf 87' lang='lat' dir='ltr'><strong>Sed</strong></span> <span class='ocrx_word' id='word_1_101' title='bbox 264 1035 300 1075; x_wconf 91' lang='lat' dir='ltr'><strong>ne</strong></span> <span class='ocrx_word' id='word_1_102' title='bbox 313 1016 421 1089; x_wconf 86' lang='lat' dir='ltr'><strong>aliquid</strong></span> <span class='ocrx_word' id='word_1_103' title='bbox 448 1016 606 1071; x_wconf 85' lang='lat' dir='ltr'><strong>enormiter</strong></span> <span class='ocrx_word' id='word_1_104' title='bbox 630 1014 710 1086; x_wconf 90' lang='lat' dir='ltr'><strong>ioqui</strong></span> <span class='ocrx_word' id='word_1_105' title='bbox 736 1013 896 1082; x_wconf 86' lang='lat' dir='ltr'><strong>videamur,</strong></span> <span class='ocrx_word' id='word_1_106' title='bbox 912 1029 979 1069; x_wconf 90' lang='lat' dir='ltr'><strong>sau·</strong></span> <span class='ocrx_word' id='word_1_107' title='bbox 1034 1011 1118 1086; x_wconf 90' lang='lat' dir='ltr'><strong>gulas</strong></span> <span class='ocrx_word' id='word_1_108' title='bbox 1133 1012 1299 1070; x_wconf 87' lang='lat' dir='ltr'><strong>invenimus</strong></span> <span class='ocrx_word' id='word_1_109' title='bbox 1314 1014 1476 1071; x_wconf 88' lang='lat' dir='ltr'><strong>institutas.</strong></span> <span class='ocrx_word' id='word_1_110' title='bbox 1493 1015 1616 1079; x_wconf 90' lang='lat' dir='ltr'><strong>Quidam</strong></span> <span class='ocrx_word' id='word_1_111' title='bbox 1627 1017 1705 1073; x_wconf 88' lang='lat' dir='ltr'><strong>enim</strong></span> <span class='ocrx_word' id='word_1_112' title='bbox 1717 1019 1753 1074; x_wconf 93' lang='lat' dir='ltr'><strong>ad</strong></span> <span class='ocrx_word' id='word_1_113' title='bbox 1770 1018 1862 1091; x_wconf 91' lang='lat' dir='ltr'><strong>repei-</strong></span> 
     </span>
     <span class='ocr_line' id='line_1_10' title="bbox 156 1102 1860 1180; baseline -0.002 -14"><span class='ocrx_word' id='word_1_114' title='bbox 156 1111 270 1166; x_wconf 82' lang='lat' dir='ltr'><strong>ctorum</strong></span> <span class='ocrx_word' id='word_1_115' title='bbox 284 1108 403 1162; x_wconf 87' lang='lat' dir='ltr'><strong>Petrum</strong></span> <span class='ocrx_word' id='word_1_116' title='bbox 413 1104 650 1161; x_wconf 86' lang='lat' dir='ltr'><strong>institutionibus</strong></span> <span class='ocrx_word' id='word_1_117' title='bbox 661 1120 695 1160; x_wconf 90' lang='lat' dir='ltr'><strong>ea</strong></span> <span class='ocrx_word' id='word_1_118' title='bbox 705 1119 768 1175; x_wconf 86' lang='lat' dir='ltr'><strong>quae</strong></span> <span class='ocrx_word' id='word_1_119' title='bbox 777 1105 840 1174; x_wconf 89' lang='lat' dir='ltr'><strong>jam</strong></span> <span class='ocrx_word' id='word_1_120' title='bbox 852 1102 980 1158; x_wconf 81' lang='lat' dir='ltr'><strong>diximus</strong></span> <span class='ocrx_word' id='word_1_121' title='bbox 1035 1102 1121 1158; x_wconf 84' lang='lat' dir='ltr'><strong>landa</strong></span> <span class='ocrx_word' id='word_1_122' title='bbox 1136 1102 1339 1175; x_wconf 90' lang='lat' dir='ltr'><strong>imperitorum</strong></span> <span class='ocrx_word' id='word_1_123' title='bbox 1355 1104 1604 1176; x_wconf 89' lang='lat' dir='ltr'><strong>machinamenta,</strong></span> <span class='ocrx_word' id='word_1_124' title='bbox 1619 1109 1647 1162; x_wconf 87' lang='lat' dir='ltr'><strong>ei</strong></span> <span class='ocrx_word' id='word_1_125' title='bbox 1663 1123 1732 1163; x_wconf 89' lang='lat' dir='ltr'><strong>suas</strong></span> <span class='ocrx_word' id='word_1_126' title='bbox 1747 1124 1860 1180; x_wconf 81' lang='lat' dir='ltr'><strong>pracpa-</strong></span> 
     </span>
     <span class='ocr_line' id='line_1_11' title="bbox 156 1191 1859 1265; baseline -0.001 -12"><span class='ocrx_word' id='word_1_127' title='bbox 156 1196 272 1253; x_wconf 89' lang='lat' dir='ltr'><strong>interim</strong></span> <span class='ocrx_word' id='word_1_128' title='bbox 288 1195 481 1251; x_wconf 77' lang='lat' dir='ltr'><strong>affirmemus.</strong></span> <span class='ocrx_word' id='word_1_129' title='bbox 508 1193 719 1250; x_wconf 73' lang='lat' dir='ltr'><strong>sanctissimus</strong></span> <span class='ocrx_word' id='word_1_130' title='bbox 741 1191 850 1265; x_wconf 89' lang='lat' dir='ltr'><strong>quippe</strong></span> <span class='ocrx_word' id='word_1_131' title='bbox 869 1195 980 1264; x_wconf 78' lang='lat' dir='ltr'><strong>martyr</strong></span> <span class='ocrx_word' id='word_1_132' title='bbox 1035 1191 1142 1247; x_wconf 85' lang='lat' dir='ltr'><strong>raudus</strong></span> <span class='ocrx_word' id='word_1_133' title='bbox 1152 1191 1366 1264; x_wconf 87' lang='lat' dir='ltr'><strong>responsiones,</strong></span> <span class='ocrx_word' id='word_1_134' title='bbox 1379 1197 1408 1248; x_wconf 91' lang='lat' dir='ltr'><strong>ei</strong></span> <span class='ocrx_word' id='word_1_135' title='bbox 1416 1198 1505 1250; x_wconf 87' lang='lat' dir='ltr'><strong>testes</strong></span> <span class='ocrx_word' id='word_1_136' title='bbox 1516 1194 1778 1264; x_wconf 85' lang='lat' dir='ltr'><strong>confirmandos,et</strong></span> <span class='ocrx_word' id='word_1_137' title='bbox 1788 1213 1859 1252; x_wconf 89' lang='lat' dir='ltr'><strong>con·</strong></span> 
     </span>
     <span class='ocr_line' id='line_1_12' title="bbox 155 1278 1861 1355; baseline -0.001 -12"><span class='ocrx_word' id='word_1_138' title='bbox 155 1285 314 1345; x_wconf 72' lang='lat' dir='ltr'><strong>Alexander</strong></span> <span class='ocrx_word' id='word_1_139' title='bbox 329 1300 362 1340; x_wconf 91' lang='lat' dir='ltr'><strong>ac</strong></span> <span class='ocrx_word' id='word_1_140' title='bbox 372 1285 519 1340; x_wconf 85' lang='lat' dir='ltr'><strong>Romanus</strong></span> <span class='ocrx_word' id='word_1_141' title='bbox 535 1299 611 1355; x_wconf 88' lang='lat' dir='ltr'><strong>papa</strong></span> <span class='ocrx_word' id='word_1_142' title='bbox 621 1281 663 1337; x_wconf 91' lang='lat' dir='ltr'><strong>ait</strong></span> <span class='ocrx_word' id='word_1_143' title='bbox 672 1283 762 1354; x_wconf 81' lang='lat' dir='ltr'><strong>(epist.</strong></span> <span class='ocrx_word' id='word_1_144' title='bbox 775 1283 801 1350; x_wconf 89' lang='lat' dir='ltr'><strong>i)</strong></span> <span class='ocrx_word' id='word_1_145' title='bbox 814 1298 821 1337; x_wconf 90' lang='lat'>:</span> <span class='ocrx_word' id='word_1_146' title='bbox 838 1303 853 1333; x_wconf 90' lang='lat'>«</span> <span class='ocrx_word' id='word_1_147' title='bbox 864 1280 894 1337; x_wconf 81' lang='lat' dir='ltr'><strong>si</strong></span> <span class='ocrx_word' id='word_1_148' title='bbox 913 1280 980 1352; x_wconf 91' lang='lat' dir='ltr'><strong>quis</strong></span> <span class='ocrx_word' id='word_1_149' title='bbox 1035 1278 1101 1335; x_wconf 91' lang='lat' dir='ltr'><strong>siiia</strong></span> <span class='ocrx_word' id='word_1_150' title='bbox 1115 1278 1329 1352; x_wconf 86' lang='lat' dir='ltr'><strong>episcoporum,</strong></span> <span class='ocrx_word' id='word_1_151' title='bbox 1342 1285 1430 1354; x_wconf 89' lang='lat' dir='ltr'><strong>atque</strong></span> <span class='ocrx_word' id='word_1_152' title='bbox 1445 1282 1607 1338; x_wconf 88' lang='lat' dir='ltr'><strong>amicorum</strong></span> <span class='ocrx_word' id='word_1_153' title='bbox 1629 1287 1794 1355; x_wconf 78' lang='lat' dir='ltr'><strong>querenda,</strong></span> <span class='ocrx_word' id='word_1_154' title='bbox 1810 1303 1861 1341; x_wconf 92' lang='lat' dir='ltr'><strong>an-</strong></span> 
     </span>
     <span class='ocr_line' id='line_1_13' title="bbox 154 1369 1859 1446; baseline -0.001 -15"><span class='ocrx_word' id='word_1_155' title='bbox 154 1391 224 1446; x_wconf 90' lang='lat' dir='ltr'><strong>erga</strong></span> <span class='ocrx_word' id='word_1_156' title='bbox 256 1373 428 1446; x_wconf 89' lang='lat' dir='ltr'><strong>episcopum</strong></span> <span class='ocrx_word' id='word_1_157' title='bbox 453 1372 495 1428; x_wconf 86' lang='lat' dir='ltr'><strong>rei</strong></span> <span class='ocrx_word' id='word_1_158' title='bbox 520 1377 631 1428; x_wconf 89' lang='lat' dir='ltr'><strong>actores</strong></span> <span class='ocrx_word' id='word_1_159' title='bbox 658 1370 792 1427; x_wconf 80' lang='lat' dir='ltr'><strong>iicciesice</strong></span> <span class='ocrx_word' id='word_1_160' title='bbox 819 1369 982 1442; x_wconf 89' lang='lat' dir='ltr'><strong>quamlibet</strong></span> <span class='ocrx_word' id='word_1_161' title='bbox 1035 1384 1106 1423; x_wconf 91' lang='lat' dir='ltr'><strong>num</strong></span> <span class='ocrx_word' id='word_1_162' title='bbox 1122 1373 1151 1424; x_wconf 91' lang='lat' dir='ltr'><strong>et</strong></span> <span class='ocrx_word' id='word_1_163' title='bbox 1165 1385 1216 1424; x_wconf 82' lang='lat' dir='ltr'><strong>sex</strong></span> <span class='ocrx_word' id='word_1_164' title='bbox 1231 1384 1347 1426; x_wconf 91' lang='lat' dir='ltr'><strong>menses</strong></span> <span class='ocrx_word' id='word_1_165' title='bbox 1358 1371 1571 1426; x_wconf 91' lang='lat' dir='ltr'><strong>mandaverunt</strong></span> <span class='ocrx_word' id='word_1_166' title='bbox 1582 1371 1701 1428; x_wconf 92' lang='lat' dir='ltr'><strong>concedi</strong></span> <span class='ocrx_word' id='word_1_167' title='bbox 1716 1391 1722 1440; x_wconf 93' lang='grc'>;</span> <span class='ocrx_word' id='word_1_168' title='bbox 1740 1373 1859 1445; x_wconf 87' lang='lat' dir='ltr'><strong>quidam</strong></span> 
     </span>
     <span class='ocr_line' id='line_1_14' title="bbox 156 1458 1860 1536; baseline -0.001 -17"><span class='ocrx_word' id='word_1_169' title='bbox 156 1463 304 1536; x_wconf 89' lang='lat' dir='ltr'><strong>querelam</strong></span> <span class='ocrx_word' id='word_1_170' title='bbox 321 1463 446 1533; x_wconf 87' lang='lat' dir='ltr'><strong>justam,</strong></span> <span class='ocrx_word' id='word_1_171' title='bbox 463 1478 494 1517; x_wconf 90' lang='lat' dir='ltr'><strong>se</strong></span> <span class='ocrx_word' id='word_1_172' title='bbox 508 1459 616 1516; x_wconf 90' lang='lat' dir='ltr'><strong>babere</strong></span> <span class='ocrx_word' id='word_1_173' title='bbox 629 1459 795 1526; x_wconf 91' lang='lat' dir='ltr'><strong>crediderit,</strong></span> <span class='ocrx_word' id='word_1_174' title='bbox 819 1476 877 1515; x_wconf 91' lang='lat' dir='ltr'><strong>non</strong></span> <span class='ocrx_word' id='word_1_175' title='bbox 898 1458 980 1530; x_wconf 90' lang='lat' dir='ltr'><strong>prius</strong></span> <span class='ocrx_word' id='word_1_176' title='bbox 1035 1458 1375 1530; x_wconf 87' lang='lat' dir='ltr'><strong>autemannuminquo</strong></span> <span class='ocrx_word' id='word_1_177' title='bbox 1400 1458 1519 1532; x_wconf 90' lang='lat' dir='ltr'><strong>plurimi</strong></span> <span class='ocrx_word' id='word_1_178' title='bbox 1548 1462 1735 1517; x_wconf 88' lang='lat' dir='ltr'><strong>concordant.</strong></span> <span class='ocrx_word' id='word_1_179' title='bbox 1764 1463 1860 1518; x_wconf 85' lang='lat' dir='ltr'><strong>Minus</strong></span> 
     </span>
     <span class='ocr_line' id='line_1_15' title="bbox 156 1547 1861 1625; baseline 0 -18"><span class='ocrx_word' id='word_1_180' title='bbox 156 1550 297 1625; x_wconf 87' lang='lat' dir='ltr'><strong>primates</strong></span> <span class='ocrx_word' id='word_1_181' title='bbox 311 1555 363 1606; x_wconf 88' lang='lat' dir='ltr'><strong>aut</strong></span> <span class='ocrx_word' id='word_1_182' title='bbox 386 1549 458 1606; x_wconf 91' lang='lat' dir='ltr'><strong>alios</strong></span> <span class='ocrx_word' id='word_1_183' title='bbox 478 1549 594 1621; x_wconf 89' lang='lat' dir='ltr'><strong>judiees</strong></span> <span class='ocrx_word' id='word_1_184' title='bbox 618 1565 708 1620; x_wconf 89' lang='lat' dir='ltr'><strong>quam</strong></span> <span class='ocrx_word' id='word_1_185' title='bbox 732 1547 812 1620; x_wconf 89' lang='lat' dir='ltr'><strong>ipsos</strong></span> <span class='ocrx_word' id='word_1_186' title='bbox 833 1565 850 1604; x_wconf 91' lang='lat' dir='ltr'><strong>a</strong></span> <span class='ocrx_word' id='word_1_187' title='bbox 872 1547 981 1619; x_wconf 89' lang='lat' dir='ltr'><strong>quibus</strong></span> <span class='ocrx_word' id='word_1_188' title='bbox 1034 1562 1206 1619; x_wconf 89' lang='lat' dir='ltr'><strong>veroquam</strong></span> <span class='ocrx_word' id='word_1_189' title='bbox 1228 1562 1277 1602; x_wconf 84' lang='lat' dir='ltr'><strong>sax</strong></span> <span class='ocrx_word' id='word_1_190' title='bbox 1299 1563 1415 1605; x_wconf 87' lang='lat' dir='ltr'><strong>menses</strong></span> <span class='ocrx_word' id='word_1_191' title='bbox 1439 1565 1497 1604; x_wconf 90' lang='lat' dir='ltr'><strong>non</strong></span> <span class='ocrx_word' id='word_1_192' title='bbox 1521 1549 1657 1621; x_wconf 89' lang='lat' dir='ltr'><strong>reperi.»</strong></span> <span class='ocrx_word' id='word_1_193' title='bbox 1682 1551 1795 1607; x_wconf 79' lang='lat' dir='ltr'><strong>Rursus</strong></span> <span class='ocrx_word' id='word_1_194' title='bbox 1809 1553 1861 1607; x_wconf 91' lang='lat' dir='ltr'><strong>Ze·</strong></span> 
     </span>
     <span class='ocr_line' id='line_1_16' title="bbox 157 1634 1860 1712; baseline -0.001 -14"><span class='ocrx_word' id='word_1_195' title='bbox 157 1657 189 1698; x_wconf 87' lang='lat' dir='ltr'><strong>sc</strong></span> <span class='ocrx_word' id='word_1_196' title='bbox 203 1640 305 1696; x_wconf 79' lang='lat' dir='ltr'><strong>lasum</strong></span> <span class='ocrx_word' id='word_1_197' title='bbox 319 1638 477 1709; x_wconf 86' lang='lat' dir='ltr'><strong>existimat,</strong></span> <span class='ocrx_word' id='word_1_198' title='bbox 494 1637 648 1695; x_wconf 88' lang='lat' dir='ltr'><strong>conveniat</strong></span> <span class='ocrx_word' id='word_1_199' title='bbox 662 1636 864 1706; x_wconf 83' lang='lat' dir='ltr'><strong>familiariter3</strong></span> <span class='ocrx_word' id='word_1_200' title='bbox 880 1640 910 1692; x_wconf 91' lang='lat' dir='ltr'><strong>ct</strong></span> <span class='ocrx_word' id='word_1_201' title='bbox 923 1651 981 1691; x_wconf 91' lang='lat' dir='ltr'><strong>non</strong></span> <span class='ocrx_word' id='word_1_202' title='bbox 1035 1634 1178 1708; x_wconf 85' lang='lat' dir='ltr'><strong>phyriona</strong></span> <span class='ocrx_word' id='word_1_203' title='bbox 1194 1636 1303 1709; x_wconf 75' lang='lat' dir='ltr'><strong>(ididiz</strong></span> <span class='ocrx_word' id='word_1_204' title='bbox 1329 1659 1344 1688; x_wconf 89' lang='lat'>«</span> <span class='ocrx_word' id='word_1_205' title='bbox 1368 1638 1547 1695; x_wconf 76' lang='lat' dir='ltr'><strong>Petriarcbca</strong></span> <span class='ocrx_word' id='word_1_206' title='bbox 1569 1654 1637 1695; x_wconf 90' lang='lat' dir='ltr'><strong>vero</strong></span> <span class='ocrx_word' id='word_1_207' title='bbox 1650 1639 1694 1696; x_wconf 93' lang='lat' dir='ltr'><strong>vei</strong></span> <span class='ocrx_word' id='word_1_208' title='bbox 1718 1640 1860 1712; x_wconf 86' lang='lat' dir='ltr'><strong>primates</strong></span> 
     </span>
     <span class='ocr_line' id='line_1_17' title="bbox 156 1725 1860 1801; baseline -0.001 -15"><span class='ocrx_word' id='word_1_209' title='bbox 156 1732 270 1786; x_wconf 89' lang='lat' dir='ltr'><strong>tentum</strong></span> <span class='ocrx_word' id='word_1_210' title='bbox 287 1727 388 1797; x_wconf 90' lang='lat' dir='ltr'><strong>semel,</strong></span> <span class='ocrx_word' id='word_1_211' title='bbox 404 1728 455 1784; x_wconf 89' lang='lat' dir='ltr'><strong>sad</strong></span> <span class='ocrx_word' id='word_1_212' title='bbox 471 1727 644 1800; x_wconf 82' lang='lat' dir='ltr'><strong>sepissime,</strong></span> <span class='ocrx_word' id='word_1_213' title='bbox 660 1731 693 1782; x_wconf 89' lang='lat' dir='ltr'><strong>ut</strong></span> <span class='ocrx_word' id='word_1_214' title='bbox 705 1726 741 1782; x_wconf 88' lang='lat' dir='ltr'><strong>ab</strong></span> <span class='ocrx_word' id='word_1_215' title='bbox 757 1725 802 1782; x_wconf 91' lang='lat' dir='ltr'><strong>eis</strong></span> <span class='ocrx_word' id='word_1_216' title='bbox 824 1728 876 1781; x_wconf 88' lang='lat' dir='ltr'><strong>aut</strong></span> <span class='ocrx_word' id='word_1_217' title='bbox 897 1740 980 1781; x_wconf 90' lang='lat' dir='ltr'><strong>suam</strong></span> <span class='ocrx_word' id='word_1_218' title='bbox 1035 1727 1205 1781; x_wconf 87' lang='lat' dir='ltr'><strong>accusatum</strong></span> <span class='ocrx_word' id='word_1_219' title='bbox 1220 1725 1413 1783; x_wconf 75' lang='lat' dir='ltr'><strong>discutientes</strong></span> <span class='ocrx_word' id='word_1_220' title='bbox 1435 1727 1619 1801; x_wconf 87' lang='lat' dir='ltr'><strong>episcopum,</strong></span> <span class='ocrx_word' id='word_1_221' title='bbox 1634 1745 1693 1786; x_wconf 93' lang='lat' dir='ltr'><strong>ncn</strong></span> <span class='ocrx_word' id='word_1_222' title='bbox 1713 1733 1781 1786; x_wconf 89' lang='lat' dir='ltr'><strong>ante</strong></span> <span class='ocrx_word' id='word_1_223' title='bbox 1793 1745 1860 1786; x_wconf 90' lang='lat' dir='ltr'><strong>sen·</strong></span> 
     </span>
     <span class='ocr_line' id='line_1_18' title="bbox 153 1813 1862 1891; baseline -0.001 -16"><span class='ocrx_word' id='word_1_224' title='bbox 153 1818 312 1891; x_wconf 77' lang='lat' dir='ltr'><strong>justitiam,</strong></span> <span class='ocrx_word' id='word_1_225' title='bbox 342 1821 393 1873; x_wconf 88' lang='lat' dir='ltr'><strong>eut</strong></span> <span class='ocrx_word' id='word_1_226' title='bbox 418 1817 532 1888; x_wconf 87' lang='lat' dir='ltr'><strong>justam</strong></span> <span class='ocrx_word' id='word_1_227' title='bbox 561 1815 685 1887; x_wconf 87' lang='lat' dir='ltr'><strong>accipiat</strong></span> <span class='ocrx_word' id='word_1_228' title='bbox 712 1814 939 1872; x_wconf 87' lang='lat' dir='ltr'><strong>excusationem.</strong></span> <span class='ocrx_word' id='word_1_229' title='bbox 966 1835 981 1863; x_wconf 91' lang='lat'>»</span> <span class='ocrx_word' id='word_1_230' title='bbox 1036 1813 1159 1870; x_wconf 88' lang='lat' dir='ltr'><strong>tentiam</strong></span> <span class='ocrx_word' id='word_1_231' title='bbox 1173 1814 1323 1887; x_wconf 80' lang='lat' dir='ltr'><strong>proferant</strong></span> <span class='ocrx_word' id='word_1_232' title='bbox 1345 1816 1498 1885; x_wconf 84' lang='lat' dir='ltr'><strong>finitivam,</strong></span> <span class='ocrx_word' id='word_1_233' title='bbox 1515 1833 1606 1889; x_wconf 84' lang='lat' dir='ltr'><strong>quam</strong></span> <span class='ocrx_word' id='word_1_234' title='bbox 1620 1818 1781 1891; x_wconf 85' lang='lat' dir='ltr'><strong>apostolica</strong></span> <span class='ocrx_word' id='word_1_235' title='bbox 1796 1818 1862 1875; x_wconf 87' lang='lat' dir='ltr'><strong>iulii</strong></span> 
     </span>
     <span class='ocr_line' id='line_1_19' title="bbox 155 1903 1862 1980; baseline -0.001 -16"><span class='ocrx_word' id='word_1_236' title='bbox 155 1909 229 1964; x_wconf 85' lang='lat' dir='ltr'><strong>Item</strong></span> <span class='ocrx_word' id='word_1_237' title='bbox 243 1906 399 1964; x_wconf 87' lang='lat' dir='ltr'><strong>Anacletus</strong></span> <span class='ocrx_word' id='word_1_238' title='bbox 414 1907 576 1979; x_wconf 72' lang='lat' dir='ltr'><strong>(episttze</strong></span> <span class='ocrx_word' id='word_1_239' title='bbox 591 1904 711 1961; x_wconf 76' lang='lat' dir='ltr'><strong>sienim</strong></span> <span class='ocrx_word' id='word_1_240' title='bbox 726 1904 982 1962; x_wconf 87' lang='lat' dir='ltr'><strong>sineeriminesa-</strong></span> <span class='ocrx_word' id='word_1_241' title='bbox 1036 1903 1218 1975; x_wconf 88' lang='lat' dir='ltr'><strong>auctoritate,</strong></span> <span class='ocrx_word' id='word_1_242' title='bbox 1235 1906 1285 1960; x_wconf 89' lang='lat' dir='ltr'><strong>aui</strong></span> <span class='ocrx_word' id='word_1_243' title='bbox 1300 1905 1525 1979; x_wconf 90' lang='lat' dir='ltr'><strong>reumseipsum</strong></span> <span class='ocrx_word' id='word_1_244' title='bbox 1535 1907 1781 1977; x_wconf 70' lang='lat' dir='ltr'><strong>confiteo-tonant</strong></span> <span class='ocrx_word' id='word_1_245' title='bbox 1810 1925 1862 1980; x_wconf 91' lang='lat' dir='ltr'><strong>per</strong></span> 
     </span>
    </p>
   </div>
   <div class='ocr_carea' id='block_1_4' title="bbox 71 1991 1863 2068">
    <p class='ocr_par' dir='ltr' id='par_1_5' title="bbox 71 1991 1863 2068">
     <span class='ocr_line' id='line_1_20' title="bbox 71 1991 1863 2068; baseline -0.001 -16"><span class='ocrx_word' id='word_1_246' title='bbox 71 2016 75 2024; x_wconf 90' lang='lat'><strong>·</strong></span> <span class='ocrx_word' id='word_1_247' title='bbox 155 1997 257 2054; x_wconf 84' lang='lat' dir='ltr'><strong>cardos</strong></span> <span class='ocrx_word' id='word_1_248' title='bbox 271 1995 339 2068; x_wconf 83' lang='lat' dir='ltr'><strong>eligi</strong></span> <span class='ocrx_word' id='word_1_249' title='bbox 362 1994 539 2067; x_wconf 81' lang='lat' dir='ltr'><strong>precipitur,</strong></span> <span class='ocrx_word' id='word_1_250' title='bbox 563 1993 734 2051; x_wconf 88' lang='lat' dir='ltr'><strong>nuliatenus</strong></span> <span class='ocrx_word' id='word_1_251' title='bbox 757 1994 794 2050; x_wconf 88' lang='lat' dir='ltr'><strong>ab</strong></span> <span class='ocrx_word' id='word_1_252' title='bbox 810 1992 982 2050; x_wconf 90' lang='lat' dir='ltr'><strong>hominibus</strong></span> <span class='ocrx_word' id='word_1_253' title='bbox 1036 1991 1206 2048; x_wconf 86' lang='lat' dir='ltr'><strong>innocentes</strong></span> <span class='ocrx_word' id='word_1_254' title='bbox 1229 1996 1259 2048; x_wconf 93' lang='lat' dir='ltr'><strong>et</strong></span> <span class='ocrx_word' id='word_1_255' title='bbox 1283 1992 1455 2066; x_wconf 81' lang='lat' dir='ltr'><strong>regulariter</strong></span> <span class='ocrx_word' id='word_1_256' title='bbox 1478 1995 1660 2052; x_wconf 84' lang='lat' dir='ltr'><strong>examinatos</strong></span> <span class='ocrx_word' id='word_1_257' title='bbox 1672 1995 1863 2050; x_wconf 89' lang='lat' dir='ltr'><strong>convincatur</strong></span> 
     </span>
    </p>
   </div>
   <div class='ocr_carea' id='block_1_5' title="bbox 94 2080 1903 5622">
    <p class='ocr_par' dir='ltr' id='par_1_6' title="bbox 154 2080 1863 2334">
     <span class='ocr_line' id='line_1_21' title="bbox 154 2080 1863 2156; baseline -0.002 -13"><span class='ocrx_word' id='word_1_258' title='bbox 154 2084 328 2143; x_wconf 84' lang='lat' dir='ltr'><strong>criminibus</strong></span> <span class='ocrx_word' id='word_1_259' title='bbox 342 2084 463 2141; x_wconf 89' lang='lat' dir='ltr'><strong>irretitis</strong></span> <span class='ocrx_word' id='word_1_260' title='bbox 486 2083 618 2139; x_wconf 85' lang='lat' dir='ltr'><strong>accusari</strong></span> <span class='ocrx_word' id='word_1_261' title='bbox 642 2088 693 2139; x_wconf 89' lang='lat' dir='ltr'><strong>aut</strong></span> <span class='ocrx_word' id='word_1_262' title='bbox 717 2083 891 2140; x_wconf 87' lang='lat' dir='ltr'><strong>caluminari</strong></span> <span class='ocrx_word' id='word_1_263' title='bbox 917 2099 981 2156; x_wconf 89' lang='lat' dir='ltr'><strong>per·</strong></span> <span class='ocrx_word' id='word_1_264' title='bbox 1036 2084 1137 2149; x_wconf 87' lang='lat' dir='ltr'><strong>testes,</strong></span> <span class='ocrx_word' id='word_1_265' title='bbox 1153 2080 1203 2153; x_wconf 88' lang='lat' dir='ltr'><strong>qui</strong></span> <span class='ocrx_word' id='word_1_266' title='bbox 1218 2080 1324 2138; x_wconf 89' lang='lat' dir='ltr'><strong>minori</strong></span> <span class='ocrx_word' id='word_1_267' title='bbox 1340 2099 1398 2138; x_wconf 91' lang='lat' dir='ltr'><strong>non</strong></span> <span class='ocrx_word' id='word_1_268' title='bbox 1414 2080 1473 2139; x_wconf 92' lang='lat' dir='ltr'><strong>sint</strong></span> <span class='ocrx_word' id='word_1_269' title='bbox 1486 2098 1607 2140; x_wconf 89' lang='lat' dir='ltr'><strong>numero</strong></span> <span class='ocrx_word' id='word_1_270' title='bbox 1621 2082 1761 2156; x_wconf 89' lang='lat' dir='ltr'><strong>quamiili</strong></span> <span class='ocrx_word' id='word_1_271' title='bbox 1774 2083 1863 2141; x_wconf 90' lang='lat' dir='ltr'><strong>disci·</strong></span> 
     </span>
     <span class='ocr_line' id='line_1_22' title="bbox 155 2168 1861 2244; baseline -0.001 -15"><span class='ocrx_word' id='word_1_272' title='bbox 155 2173 291 2241; x_wconf 89' lang='lat' dir='ltr'><strong>mittitur,</strong></span> <span class='ocrx_word' id='word_1_273' title='bbox 303 2189 356 2228; x_wconf 91' lang='lat' dir='ltr'><strong>nec</strong></span> <span class='ocrx_word' id='word_1_274' title='bbox 369 2173 405 2229; x_wconf 90' lang='lat' dir='ltr'><strong>ab</strong></span> <span class='ocrx_word' id='word_1_275' title='bbox 421 2171 487 2227; x_wconf 90' lang='lat' dir='ltr'><strong>aliis</strong></span> <span class='ocrx_word' id='word_1_276' title='bbox 502 2188 590 2244; x_wconf 92' lang='lat' dir='ltr'><strong>quarn</strong></span> <span class='ocrx_word' id='word_1_277' title='bbox 607 2172 643 2227; x_wconf 85' lang='lat' dir='ltr'><strong>ab</strong></span> <span class='ocrx_word' id='word_1_278' title='bbox 655 2171 702 2228; x_wconf 91' lang='lat' dir='ltr'><strong>his</strong></span> <span class='ocrx_word' id='word_1_279' title='bbox 717 2172 843 2243; x_wconf 90' lang='lat' dir='ltr'><strong>quisine</strong></span> <span class='ocrx_word' id='word_1_280' title='bbox 859 2171 982 2227; x_wconf 90' lang='lat' dir='ltr'><strong>crimine</strong></span> <span class='ocrx_word' id='word_1_281' title='bbox 1035 2169 1097 2242; x_wconf 95' lang='lat' dir='ltr'><strong>puli</strong></span> <span class='ocrx_word' id='word_1_282' title='bbox 1110 2169 1239 2239; x_wconf 83' lang='lat' dir='ltr'><strong>fuerunt,</strong></span> <span class='ocrx_word' id='word_1_283' title='bbox 1250 2187 1325 2243; x_wconf 89' lang='lat' dir='ltr'><strong>quos</strong></span> <span class='ocrx_word' id='word_1_284' title='bbox 1340 2168 1483 2228; x_wconf 87' lang='lat' dir='ltr'><strong>Domiuu&#39;s</strong></span> <span class='ocrx_word' id='word_1_285' title='bbox 1491 2174 1695 2244; x_wconf 86' lang='lat' dir='ltr'><strong>adjumentum</strong></span> <span class='ocrx_word' id='word_1_286' title='bbox 1710 2172 1861 2244; x_wconf 88' lang='lat' dir='ltr'><strong>apostolo·</strong></span> 
     </span>
     <span class='ocr_line' id='line_1_23' title="bbox 156 2247 1822 2334; baseline -0.001 -16"><span class='ocrx_word' id='word_1_287' title='bbox 156 2265 235 2333; x_wconf 90' lang='lat' dir='ltr'><strong>sunt,</strong></span> <span class='ocrx_word' id='word_1_288' title='bbox 260 2263 288 2317; x_wconf 87' lang='lat' dir='ltr'><strong>et</strong></span> <span class='ocrx_word' id='word_1_289' title='bbox 313 2262 400 2332; x_wconf 85' lang='lat' dir='ltr'><strong>juxta</strong></span> <span class='ocrx_word' id='word_1_290' title='bbox 437 2258 622 2326; x_wconf 88' lang='lat' dir='ltr'><strong>electionem,</strong></span> <span class='ocrx_word' id='word_1_291' title='bbox 647 2260 671 2315; x_wconf 93' lang='lat' dir='ltr'><strong>si</strong></span> <span class='ocrx_word' id='word_1_292' title='bbox 695 2261 855 2315; x_wconf 86' lang='lat' dir='ltr'><strong>necessitas</strong></span> <span class='ocrx_word' id='word_1_293' title='bbox 883 2260 980 2330; x_wconf 85' lang='lat' dir='ltr'><strong>luerit,</strong></span> <span class='ocrx_word' id='word_1_294' title='bbox 1036 2275 1102 2314; x_wconf 90' lang='lat' dir='ltr'><strong>rum</strong></span> <span class='ocrx_word' id='word_1_295' title='bbox 1117 2258 1225 2331; x_wconf 88' lang='lat' dir='ltr'><strong>eligere</strong></span> <span class='ocrx_word' id='word_1_296' title='bbox 1240 2261 1383 2332; x_wconf 82' lang='lat' dir='ltr'><strong>precepit.</strong></span> <span class='ocrx_word' id='word_1_297' title='bbox 1401 2282 1416 2311; x_wconf 79' lang='lat' dir='ltr'><strong>n</strong></span> <span class='ocrx_word' id='word_1_298' title='bbox 1435 2262 1466 2317; x_wconf 94' lang='lat' dir='ltr'><strong>ld</strong></span> <span class='ocrx_word' id='word_1_299' title='bbox 1483 2267 1537 2330; x_wconf 86' lang='lat' dir='ltr'><strong>esi,</strong></span> <span class='ocrx_word' id='word_1_300' title='bbox 1554 2247 1741 2334; x_wconf 85' lang='lat' dir='ltr'><strong>septuaginta</strong></span> <span class='ocrx_word' id='word_1_301' title='bbox 1754 2262 1822 2317; x_wconf 91' lang='lat' dir='ltr'><strong>duo.</strong></span> 
     </span>
    </p>

    <p class='ocr_par' dir='ltr' id='par_1_7' title="bbox 94 2347 1903 5622">
     <span class='ocr_line' id='line_1_24' title="bbox 94 2347 1859 2422; baseline -0.001 -15"><span class='ocrx_word' id='word_1_302' title='bbox 94 2380 98 2383; x_wconf 97' lang='lat'>·</span> <span class='ocrx_word' id='word_1_303' title='bbox 156 2354 207 2409; x_wconf 82' lang='lat' dir='ltr'><strong>aut</strong></span> <span class='ocrx_word' id='word_1_304' title='bbox 233 2349 290 2422; x_wconf 89' lang='lat' dir='ltr'><strong>ipsi</strong></span> <span class='ocrx_word' id='word_1_305' title='bbox 313 2348 434 2405; x_wconf 89' lang='lat' dir='ltr'><strong>volando</strong></span> <span class='ocrx_word' id='word_1_306' title='bbox 462 2348 586 2404; x_wconf 90' lang='lat' dir='ltr'><strong>Domino</strong></span> <span class='ocrx_word' id='word_1_307' title='bbox 614 2348 722 2404; x_wconf 88' lang='lat' dir='ltr'><strong>servire</strong></span> <span class='ocrx_word' id='word_1_308' title='bbox 750 2348 900 2421; x_wconf 91' lang='lat' dir='ltr'><strong>elegerint,</strong></span> <span class='ocrx_word' id='word_1_309' title='bbox 932 2366 985 2411; x_wconf 50' lang='lat' dir='ltr'><strong>sa&lt;</strong></span> <span class='ocrx_word' id='word_1_310' title='bbox 1071 2347 1179 2403; x_wconf 88' lang='lat' dir='ltr'><strong>Multos</strong></span> <span class='ocrx_word' id='word_1_311' title='bbox 1194 2347 1671 2406; x_wconf 74' lang='lat' dir='ltr'><strong>eiiametaiicssanoteecelesia</strong></span> <span class='ocrx_word' id='word_1_312' title='bbox 1686 2351 1859 2407; x_wconf 87' lang='lat' dir='ltr'><strong>doctoresin</strong></span> 
     </span>
     <span class='ocr_line' id='line_1_25' title="bbox 156 2435 1860 2512; baseline -0.001 -16"><span class='ocrx_word' id='word_1_313' title='bbox 156 2440 346 2512; x_wconf 86' lang='lat' dir='ltr'><strong>cerdoiesquc</strong></span> <span class='ocrx_word' id='word_1_314' title='bbox 360 2438 425 2494; x_wconf 90' lang='lat' dir='ltr'><strong>sine</strong></span> <span class='ocrx_word' id='word_1_315' title='bbox 440 2437 563 2494; x_wconf 91' lang='lat' dir='ltr'><strong>crimine</strong></span> <span class='ocrx_word' id='word_1_316' title='bbox 580 2437 652 2504; x_wconf 86' lang='lat' dir='ltr'><strong>fieri,</strong></span> <span class='ocrx_word' id='word_1_317' title='bbox 668 2441 696 2494; x_wconf 89' lang='lat' dir='ltr'><strong>et</strong></span> <span class='ocrx_word' id='word_1_318' title='bbox 708 2438 839 2494; x_wconf 90' lang='lat' dir='ltr'><strong>ordinari</strong></span> <span class='ocrx_word' id='word_1_319' title='bbox 856 2437 980 2509; x_wconf 84' lang='lat' dir='ltr'><strong>possint,</strong></span> <span class='ocrx_word' id='word_1_320' title='bbox 1035 2435 1082 2492; x_wconf 87' lang='lat' dir='ltr'><strong>bia</strong></span> <span class='ocrx_word' id='word_1_321' title='bbox 1097 2437 1234 2494; x_wconf 91' lang='lat' dir='ltr'><strong>omnibus</strong></span> <span class='ocrx_word' id='word_1_322' title='bbox 1256 2438 1407 2507; x_wconf 89' lang='lat' dir='ltr'><strong>assentire,</strong></span> <span class='ocrx_word' id='word_1_323' title='bbox 1437 2455 1583 2497; x_wconf 90' lang='lat' dir='ltr'><strong>canonum</strong></span> <span class='ocrx_word' id='word_1_324' title='bbox 1605 2439 1701 2496; x_wconf 91' lang='lat' dir='ltr'><strong>edicta</strong></span> <span class='ocrx_word' id='word_1_325' title='bbox 1727 2443 1860 2512; x_wconf 88' lang='lat' dir='ltr'><strong>patenter</strong></span> 
     </span>
     <span class='ocr_line' id='line_1_26' title="bbox 156 2525 1859 2602; baseline 0.001 -17"><span class='ocrx_word' id='word_1_326' title='bbox 156 2533 185 2585; x_wconf 90' lang='lat' dir='ltr'><strong>et</strong></span> <span class='ocrx_word' id='word_1_327' title='bbox 198 2526 272 2585; x_wconf 89' lang='lat' dir='ltr'><strong>tales</strong></span> <span class='ocrx_word' id='word_1_328' title='bbox 284 2544 336 2600; x_wconf 90' lang='lat' dir='ltr'><strong>per</strong></span> <span class='ocrx_word' id='word_1_329' title='bbox 350 2526 449 2583; x_wconf 88' lang='lat' dir='ltr'><strong>omnia</strong></span> <span class='ocrx_word' id='word_1_330' title='bbox 463 2526 582 2593; x_wconf 73' lang='lat' dir='ltr'><strong>ineunt,</strong></span> <span class='ocrx_word' id='word_1_331' title='bbox 607 2525 710 2598; x_wconf 89' lang='lat' dir='ltr'><strong>quales</strong></span> <span class='ocrx_word' id='word_1_332' title='bbox 726 2526 792 2598; x_wconf 82' lang='lat' dir='ltr'><strong>eligi</strong></span> <span class='ocrx_word' id='word_1_333' title='bbox 815 2527 981 2583; x_wconf 89' lang='lat' dir='ltr'><strong>sacerdotes</strong></span> <span class='ocrx_word' id='word_1_334' title='bbox 1035 2526 1267 2596; x_wconf 78' lang='lat' dir='ltr'><strong>ostendunt3sed</strong></span> <span class='ocrx_word' id='word_1_335' title='bbox 1280 2544 1358 2584; x_wconf 91' lang='lat' dir='ltr'><strong>nunc</strong></span> <span class='ocrx_word' id='word_1_336' title='bbox 1369 2528 1446 2602; x_wconf 90' lang='lat' dir='ltr'><strong>quod</strong></span> <span class='ocrx_word' id='word_1_337' title='bbox 1457 2528 1686 2601; x_wconf 86' lang='lat' dir='ltr'><strong>absqueinjuria</strong></span> <span class='ocrx_word' id='word_1_338' title='bbox 1695 2534 1803 2587; x_wconf 80' lang='lat' dir='ltr'><strong>sancte</strong></span> <span class='ocrx_word' id='word_1_339' title='bbox 1810 2531 1859 2587; x_wconf 80' lang='lat' dir='ltr'><strong>liei</strong></span> 
     </span>
     <span class='ocr_line' id='line_1_27' title="bbox 151 2614 1861 2692; baseline 0.002 -19"><span class='ocrx_word' id='word_1_340' title='bbox 151 2616 305 2688; x_wconf 80' lang='lat' dir='ltr'><strong>jubentur.</strong></span> <span class='ocrx_word' id='word_1_341' title='bbox 335 2637 350 2667; x_wconf 75' lang='lat' dir='ltr'><strong>a</strong></span> <span class='ocrx_word' id='word_1_342' title='bbox 374 2615 573 2688; x_wconf 78' lang='lat' dir='ltr'><strong>Eutychianos</strong></span> <span class='ocrx_word' id='word_1_343' title='bbox 601 2616 691 2687; x_wconf 82' lang='lat' dir='ltr'><strong>(epist.</strong></span> <span class='ocrx_word' id='word_1_344' title='bbox 720 2617 767 2685; x_wconf 87' lang='lat'><strong>2):</strong></span> <span class='ocrx_word' id='word_1_345' title='bbox 799 2637 813 2666; x_wconf 88' lang='lat'>«</span> <span class='ocrx_word' id='word_1_346' title='bbox 842 2615 981 2688; x_wconf 84' lang='lat' dir='ltr'><strong>Quisquis</strong></span> <span class='ocrx_word' id='word_1_347' title='bbox 1035 2614 1167 2672; x_wconf 73' lang='lat' dir='ltr'><strong>loclesiae</strong></span> <span class='ocrx_word' id='word_1_348' title='bbox 1182 2615 1343 2673; x_wconf 92' lang='lat' dir='ltr'><strong>dicerenon</strong></span> <span class='ocrx_word' id='word_1_349' title='bbox 1359 2634 1531 2692; x_wconf 86' lang='lat' dir='ltr'><strong>possumus,</strong></span> <span class='ocrx_word' id='word_1_350' title='bbox 1547 2618 1666 2676; x_wconf 86' lang='lat' dir='ltr'><strong>heolin</strong></span> <span class='ocrx_word' id='word_1_351' title='bbox 1679 2619 1861 2676; x_wconf 88' lang='lat' dir='ltr'><strong>tantumboc</strong></span> 
     </span>
     <span class='ocr_line' id='line_1_28' title="bbox 155 2703 1860 2778; baseline 0.002 -16"><span class='ocrx_word' id='word_1_352' title='bbox 155 2705 263 2762; x_wconf 84' lang='lat' dir='ltr'><strong>illaesi</strong></span> <span class='ocrx_word' id='word_1_353' title='bbox 288 2704 338 2778; x_wconf 84' lang='lat' dir='ltr'><strong>qui</strong></span> <span class='ocrx_word' id='word_1_354' title='bbox 366 2704 477 2760; x_wconf 88' lang='lat' dir='ltr'><strong>crimen</strong></span> <span class='ocrx_word' id='word_1_355' title='bbox 506 2703 643 2773; x_wconf 85' lang='lat' dir='ltr'><strong>intendit,</strong></span> <span class='ocrx_word' id='word_1_356' title='bbox 672 2704 702 2760; x_wconf 90' lang='lat' dir='ltr'><strong>in</strong></span> <span class='ocrx_word' id='word_1_357' title='bbox 723 2704 981 2777; x_wconf 77' lang='lat' dir='ltr'><strong>yudiciumveniat</strong></span> <span class='ocrx_word' id='word_1_358' title='bbox 1034 2703 1177 2773; x_wconf 85' lang='lat' dir='ltr'><strong>aboletur,</strong></span> <span class='ocrx_word' id='word_1_359' title='bbox 1194 2709 1227 2761; x_wconf 91' lang='lat' dir='ltr'><strong>ut</strong></span> <span class='ocrx_word' id='word_1_360' title='bbox 1242 2706 1272 2762; x_wconf 91' lang='lat' dir='ltr'><strong>in</strong></span> <span class='ocrx_word' id='word_1_361' title='bbox 1287 2706 1516 2764; x_wconf 83' lang='lat' dir='ltr'><strong>ordinataetiam</strong></span> <span class='ocrx_word' id='word_1_362' title='bbox 1528 2709 1712 2765; x_wconf 86' lang='lat' dir='ltr'><strong>accusatione</strong></span> <span class='ocrx_word' id='word_1_363' title='bbox 1722 2708 1860 2766; x_wconf 84' lang='lat' dir='ltr'><strong>vixlocns</strong></span> 
     </span>
     <span class='ocr_line' id='line_1_29' title="bbox 155 2792 1860 2870; baseline 0.002 -19"><span class='ocrx_word' id='word_1_364' title='bbox 155 2810 261 2851; x_wconf 90' lang='lat' dir='ltr'><strong>nomen</strong></span> <span class='ocrx_word' id='word_1_365' title='bbox 278 2795 320 2850; x_wconf 92' lang='lat' dir='ltr'><strong>rei</strong></span> <span class='ocrx_word' id='word_1_366' title='bbox 331 2793 452 2860; x_wconf 90' lang='lat' dir='ltr'><strong>indicet,</strong></span> <span class='ocrx_word' id='word_1_367' title='bbox 468 2792 619 2849; x_wconf 90' lang='lat' dir='ltr'><strong>vinculum</strong></span> <span class='ocrx_word' id='word_1_368' title='bbox 632 2793 832 2866; x_wconf 89' lang='lat' dir='ltr'><strong>inscrpiticnis</strong></span> <span class='ocrx_word' id='word_1_369' title='bbox 847 2793 978 2866; x_wconf 89' lang='lat' dir='ltr'><strong>arripiat,</strong></span> <span class='ocrx_word' id='word_1_370' title='bbox 1034 2793 1295 2867; x_wconf 81' lang='lat' dir='ltr'><strong>maneatlegiiirne</strong></span> <span class='ocrx_word' id='word_1_371' title='bbox 1306 2796 1496 2854; x_wconf 79' lang='lat' dir='ltr'><strong>detensionis.</strong></span> <span class='ocrx_word' id='word_1_372' title='bbox 1515 2797 1860 2870; x_wconf 82' lang='lat' dir='ltr'><strong>NscspprcbandaJ&#39;ndi·</strong></span> 
     </span>
     <span class='ocr_line' id='line_1_30' title="bbox 155 2881 1860 2956; baseline 0.001 -15"><span class='ocrx_word' id='word_1_373' title='bbox 155 2883 294 2941; x_wconf 79' lang='lat' dir='ltr'><strong>custodie</strong></span> <span class='ocrx_word' id='word_1_374' title='bbox 304 2881 650 2948; x_wconf 89' lang='lat' dir='ltr'><strong>similitudinem,habita</strong></span> <span class='ocrx_word' id='word_1_375' title='bbox 660 2882 981 2956; x_wconf 83' lang='lat' dir='ltr'><strong>tamendignitatisexi·</strong></span> <span class='ocrx_word' id='word_1_376' title='bbox 1034 2887 1103 2939; x_wconf 90' lang='lat' dir='ltr'><strong>cant</strong></span> <span class='ocrx_word' id='word_1_377' title='bbox 1117 2900 1181 2955; x_wconf 83' lang='lat' dir='ltr'><strong>qua</strong></span> <span class='ocrx_word' id='word_1_378' title='bbox 1196 2884 1297 2956; x_wconf 91' lang='lat' dir='ltr'><strong>inique</strong></span> <span class='ocrx_word' id='word_1_379' title='bbox 1312 2884 1468 2956; x_wconf 89' lang='lat' dir='ltr'><strong>objiciunt,</strong></span> <span class='ocrx_word' id='word_1_380' title='bbox 1479 2886 1530 2943; x_wconf 88' lang='lat' dir='ltr'><strong>sad</strong></span> <span class='ocrx_word' id='word_1_381' title='bbox 1547 2889 1753 2944; x_wconf 89' lang='lat' dir='ltr'><strong>tantummodo</strong></span> <span class='ocrx_word' id='word_1_382' title='bbox 1764 2887 1860 2943; x_wconf 87' lang='lat' dir='ltr'><strong>vindi·</strong></span> 
     </span>
     <span class='ocr_line' id='line_1_31' title="bbox 155 2969 1860 3046; baseline 0.002 -17"><span class='ocrx_word' id='word_1_383' title='bbox 155 2971 476 3045; x_wconf 71' lang='lat' dir='ltr'><strong>etimationapatiatur,</strong></span> <span class='ocrx_word' id='word_1_384' title='bbox 486 2986 521 3027; x_wconf 92' lang='lat' dir='ltr'><strong>ne</strong></span> <span class='ocrx_word' id='word_1_385' title='bbox 532 2971 606 3027; x_wconf 82' lang='lat' dir='ltr'><strong>ioris</strong></span> <span class='ocrx_word' id='word_1_386' title='bbox 618 2971 796 3028; x_wconf 88' lang='lat' dir='ltr'><strong>noveritsibi</strong></span> <span class='ocrx_word' id='word_1_387' title='bbox 806 2969 980 3027; x_wconf 85' lang='lat' dir='ltr'><strong>attributam</strong></span> <span class='ocrx_word' id='word_1_388' title='bbox 1034 2988 1100 3028; x_wconf 89' lang='lat' dir='ltr'><strong>care</strong></span> <span class='ocrx_word' id='word_1_389' title='bbox 1114 2988 1244 3045; x_wconf 82' lang='lat' dir='ltr'><strong>quaque</strong></span> <span class='ocrx_word' id='word_1_390' title='bbox 1259 2971 1343 3030; x_wconf 90' lang='lat' dir='ltr'><strong>illata</strong></span> <span class='ocrx_word' id='word_1_391' title='bbox 1357 2979 1502 3046; x_wconf 83' lang='lat' dir='ltr'><strong>querunt.</strong></span> <span class='ocrx_word' id='word_1_392' title='bbox 1513 2975 1595 3043; x_wconf 82' lang='lat' dir='ltr'><strong>Quod</strong></span> <span class='ocrx_word' id='word_1_393' title='bbox 1607 2975 1633 3031; x_wconf 87' lang='lat' dir='ltr'><strong>si</strong></span> <span class='ocrx_word' id='word_1_394' title='bbox 1643 2976 1679 3033; x_wconf 93' lang='lat' dir='ltr'><strong>de</strong></span> <span class='ocrx_word' id='word_1_395' title='bbox 1691 2975 1860 3033; x_wconf 77' lang='lat' dir='ltr'><strong>detonsione</strong></span> 
     </span>
     <span class='ocr_line' id='line_1_32' title="bbox 153 3059 1862 3138; baseline 0.001 -18"><span class='ocrx_word' id='word_1_396' title='bbox 153 3060 301 3121; x_wconf 87' lang='lat' dir='ltr'><strong>licentiam</strong></span> <span class='ocrx_word' id='word_1_397' title='bbox 310 3060 551 3128; x_wconf 89' lang='lat' dir='ltr'><strong>mentiendi,cum</strong></span> <span class='ocrx_word' id='word_1_398' title='bbox 559 3059 979 3117; x_wconf 87' lang='lat' dir='ltr'><strong>calumniantesadvindietam</strong></span> <span class='ocrx_word' id='word_1_399' title='bbox 1035 3062 1112 3133; x_wconf 91' lang='lat' dir='ltr'><strong>apud</strong></span> <span class='ocrx_word' id='word_1_400' title='bbox 1127 3077 1177 3118; x_wconf 91' lang='lat' dir='ltr'><strong>eos</strong></span> <span class='ocrx_word' id='word_1_401' title='bbox 1192 3061 1342 3133; x_wconf 82' lang='lat' dir='ltr'><strong>quaritur,</strong></span> <span class='ocrx_word' id='word_1_402' title='bbox 1357 3063 1438 3118; x_wconf 90' lang='lat' dir='ltr'><strong>omui</strong></span> <span class='ocrx_word' id='word_1_403' title='bbox 1454 3061 1587 3136; x_wconf 80' lang='lat' dir='ltr'><strong>synodali</strong></span> <span class='ocrx_word' id='word_1_404' title='bbox 1603 3081 1727 3121; x_wconf 88' lang='lat' dir='ltr'><strong>censura</strong></span> <span class='ocrx_word' id='word_1_405' title='bbox 1741 3069 1862 3138; x_wconf 88' lang='lat' dir='ltr'><strong>postpo-</strong></span> 
     </span>
     <span class='ocr_line' id='line_1_33' title="bbox 155 3132 1859 3224; baseline 0.001 -16"><span class='ocrx_word' id='word_1_406' title='bbox 155 3155 256 3224; x_wconf 89' lang='lat' dir='ltr'><strong>poscat</strong></span> <span class='ocrx_word' id='word_1_407' title='bbox 270 3149 434 3207; x_wconf 89' lang='lat' dir='ltr'><strong>similitudo</strong></span> <span class='ocrx_word' id='word_1_408' title='bbox 444 3148 591 3222; x_wconf 90' lang='lat' dir='ltr'><strong>supplicii.</strong></span> <span class='ocrx_word' id='word_1_409' title='bbox 602 3171 617 3202; x_wconf 89' lang='lat'>»</span> <span class='ocrx_word' id='word_1_410' title='bbox 627 3149 740 3207; x_wconf 86' lang='lat' dir='ltr'><strong>Rursus</strong></span> <span class='ocrx_word' id='word_1_411' title='bbox 750 3150 844 3207; x_wconf 91' lang='lat' dir='ltr'><strong>isdem</strong></span> <span class='ocrx_word' id='word_1_412' title='bbox 855 3151 980 3206; x_wconf 77' lang='lat' dir='ltr'><strong>alexan·</strong></span> <span class='ocrx_word' id='word_1_413' title='bbox 995 3132 1018 3200; x_wconf 77' lang='lat' dir='ltr'>C</span> <span class='ocrx_word' id='word_1_414' title='bbox 1036 3150 1103 3218; x_wconf 86' lang='lat' dir='ltr'><strong>sita,</strong></span> <span class='ocrx_word' id='word_1_415' title='bbox 1119 3149 1183 3207; x_wconf 90' lang='lat' dir='ltr'><strong>suis</strong></span> <span class='ocrx_word' id='word_1_416' title='bbox 1206 3149 1462 3209; x_wconf 87' lang='lat' dir='ltr'><strong>adinventionibus</strong></span> <span class='ocrx_word' id='word_1_417' title='bbox 1487 3153 1576 3209; x_wconf 90' lang='lat' dir='ltr'><strong>talem</strong></span> <span class='ocrx_word' id='word_1_418' title='bbox 1605 3153 1666 3210; x_wconf 79' lang='lat' dir='ltr'><strong>lieri</strong></span> <span class='ocrx_word' id='word_1_419' title='bbox 1681 3152 1859 3224; x_wconf 74' lang='lat' dir='ltr'><strong>dijudicant,</strong></span> 
     </span>
     <span class='ocr_line' id='line_1_34' title="bbox 155 3237 1861 3315; baseline 0.001 -19"><span class='ocrx_word' id='word_1_420' title='bbox 155 3240 207 3298; x_wconf 89' lang='lat' dir='ltr'><strong>der</strong></span> <span class='ocrx_word' id='word_1_421' title='bbox 221 3240 310 3312; x_wconf 80' lang='lat' dir='ltr'><strong>(epist.</strong></span> <span class='ocrx_word' id='word_1_422' title='bbox 327 3239 372 3311; x_wconf 87' lang='lat'><strong>1):</strong></span> <span class='ocrx_word' id='word_1_423' title='bbox 395 3261 409 3290; x_wconf 78' lang='lat' dir='ltr'><strong>n</strong></span> <span class='ocrx_word' id='word_1_424' title='bbox 433 3237 574 3294; x_wconf 83' lang='lat' dir='ltr'><strong>similiter</strong></span> <span class='ocrx_word' id='word_1_425' title='bbox 598 3238 623 3295; x_wconf 91' lang='lat' dir='ltr'><strong>si</strong></span> <span class='ocrx_word' id='word_1_426' title='bbox 647 3238 820 3310; x_wconf 88' lang='lat' dir='ltr'><strong>hujusmodi</strong></span> <span class='ocrx_word' id='word_1_427' title='bbox 844 3239 976 3312; x_wconf 89' lang='lat' dir='ltr'><strong>personis</strong></span> <span class='ocrx_word' id='word_1_428' title='bbox 1031 3255 1121 3312; x_wconf 89' lang='lat' dir='ltr'><strong>quam</strong></span> <span class='ocrx_word' id='word_1_429' title='bbox 1135 3240 1265 3296; x_wconf 89' lang='lat' dir='ltr'><strong>accusati</strong></span> <span class='ocrx_word' id='word_1_430' title='bbox 1282 3239 1404 3314; x_wconf 91' lang='lat' dir='ltr'><strong>implere</strong></span> <span class='ocrx_word' id='word_1_431' title='bbox 1415 3240 1731 3309; x_wconf 88' lang='lat' dir='ltr'><strong>minimevaleant,vsl</strong></span> <span class='ocrx_word' id='word_1_432' title='bbox 1743 3257 1810 3315; x_wconf 79' lang='lat' dir='ltr'><strong>qua</strong></span> <span class='ocrx_word' id='word_1_433' title='bbox 1827 3242 1861 3297; x_wconf 93' lang='lat' dir='ltr'><strong>ii-</strong></span> 
     </span>
     <span class='ocr_line' id='line_1_35' title="bbox 154 3327 1860 3404; baseline 0.001 -18"><span class='ocrx_word' id='word_1_434' title='bbox 154 3330 289 3403; x_wconf 80' lang='lat' dir='ltr'><strong>quedam</strong></span> <span class='ocrx_word' id='word_1_435' title='bbox 305 3327 461 3399; x_wconf 79' lang='lat' dir='ltr'><strong>sbripture</strong></span> <span class='ocrx_word' id='word_1_436' title='bbox 472 3327 619 3398; x_wconf 89' lang='lat' dir='ltr'><strong>quomodo</strong></span> <span class='ocrx_word' id='word_1_437' title='bbox 631 3328 718 3384; x_wconf 88' lang='lat' dir='ltr'><strong>modo</strong></span> <span class='ocrx_word' id='word_1_438' title='bbox 730 3333 910 3399; x_wconf 77' lang='lat' dir='ltr'><strong>permotum,</strong></span> <span class='ocrx_word' id='word_1_439' title='bbox 927 3332 978 3384; x_wconf 89' lang='lat' dir='ltr'><strong>aut</strong></span> <span class='ocrx_word' id='word_1_440' title='bbox 1031 3327 1075 3385; x_wconf 90' lang='lat' dir='ltr'><strong>los</strong></span> <span class='ocrx_word' id='word_1_441' title='bbox 1087 3329 1154 3398; x_wconf 83' lang='lat' dir='ltr'><strong>jnrc</strong></span> <span class='ocrx_word' id='word_1_442' title='bbox 1169 3328 1257 3385; x_wconf 84' lang='lat' dir='ltr'><strong>cilicii</strong></span> <span class='ocrx_word' id='word_1_443' title='bbox 1272 3330 1391 3386; x_wconf 91' lang='lat' dir='ltr'><strong>omnino</strong></span> <span class='ocrx_word' id='word_1_444' title='bbox 1405 3331 1577 3404; x_wconf 87' lang='lat' dir='ltr'><strong>impediant,</strong></span> <span class='ocrx_word' id='word_1_445' title='bbox 1594 3331 1669 3387; x_wconf 84' lang='lat' dir='ltr'><strong>utin</strong></span> <span class='ocrx_word' id='word_1_446' title='bbox 1693 3332 1860 3389; x_wconf 85' lang='lat' dir='ltr'><strong>sacerdotes</strong></span> 
     </span>
     <span class='ocr_line' id='line_1_36' title="bbox 153 3414 1858 3490; baseline 0.001 -16"><span class='ocrx_word' id='word_1_447' title='bbox 153 3418 298 3483; x_wconf 72' lang='lat' dir='ltr'><strong>baedam,</strong></span> <span class='ocrx_word' id='word_1_448' title='bbox 324 3420 376 3471; x_wconf 90' lang='lat' dir='ltr'><strong>aut</strong></span> <span class='ocrx_word' id='word_1_449' title='bbox 394 3431 447 3488; x_wconf 89' lang='lat' dir='ltr'><strong>per</strong></span> <span class='ocrx_word' id='word_1_450' title='bbox 461 3415 520 3470; x_wconf 88' lang='lat' dir='ltr'><strong>vim</strong></span> <span class='ocrx_word' id='word_1_451' title='bbox 534 3418 650 3471; x_wconf 72' lang='lat' dir='ltr'><strong>extorts</strong></span> <span class='ocrx_word' id='word_1_452' title='bbox 663 3415 782 3485; x_wconf 85' lang='lat' dir='ltr'><strong>fuerint,</strong></span> <span class='ocrx_word' id='word_1_453' title='bbox 797 3417 841 3472; x_wconf 91' lang='lat' dir='ltr'><strong>vel</strong></span> <span class='ocrx_word' id='word_1_454' title='bbox 856 3420 890 3472; x_wconf 90' lang='lat' dir='ltr'><strong>ut</strong></span> <span class='ocrx_word' id='word_1_455' title='bbox 904 3431 935 3472; x_wconf 92' lang='lat' dir='ltr'><strong>se</strong></span> <span class='ocrx_word' id='word_1_456' title='bbox 946 3414 978 3471; x_wconf 93' lang='lat' dir='ltr'><strong>li·</strong></span> <span class='ocrx_word' id='word_1_457' title='bbox 1032 3414 1209 3472; x_wconf 86' lang='lat' dir='ltr'><strong>Deiliberius</strong></span> <span class='ocrx_word' id='word_1_458' title='bbox 1220 3417 1554 3490; x_wconf 78' lang='lat' dir='ltr'><strong>seviant.Quippe,cum</strong></span> <span class='ocrx_word' id='word_1_459' title='bbox 1564 3419 1728 3476; x_wconf 89' lang='lat' dir='ltr'><strong>secundum</strong></span> <span class='ocrx_word' id='word_1_460' title='bbox 1739 3421 1858 3476; x_wconf 91' lang='lat' dir='ltr'><strong>beatum</strong></span> 
     </span>
     <span class='ocr_line' id='line_1_37' title="bbox 153 3502 1857 3581; baseline 0.001 -19"><span class='ocrx_word' id='word_1_461' title='bbox 153 3506 255 3563; x_wconf 86' lang='lat' dir='ltr'><strong>berare</strong></span> <span class='ocrx_word' id='word_1_462' title='bbox 269 3507 401 3578; x_wconf 85' lang='lat' dir='ltr'><strong>possent,</strong></span> <span class='ocrx_word' id='word_1_463' title='bbox 416 3519 593 3575; x_wconf 87' lang='lat' dir='ltr'><strong>quocunque</strong></span> <span class='ocrx_word' id='word_1_464' title='bbox 615 3503 651 3559; x_wconf 90' lang='lat' dir='ltr'><strong>ab</strong></span> <span class='ocrx_word' id='word_1_465' title='bbox 680 3503 723 3561; x_wconf 90' lang='lat' dir='ltr'><strong>eis</strong></span> <span class='ocrx_word' id='word_1_466' title='bbox 737 3504 917 3577; x_wconf 78' lang='lat' dir='ltr'><strong>conscripta,</strong></span> <span class='ocrx_word' id='word_1_467' title='bbox 932 3505 977 3562; x_wconf 91' lang='lat' dir='ltr'><strong>vel</strong></span> <span class='ocrx_word' id='word_1_468' title='bbox 1031 3502 1154 3560; x_wconf 89' lang='lat' dir='ltr'><strong>Paulum</strong></span> <span class='ocrx_word' id='word_1_469' title='bbox 1170 3503 1337 3577; x_wconf 89' lang='lat' dir='ltr'><strong>apostolum</strong></span> <span class='ocrx_word' id='word_1_470' title='bbox 1351 3505 1408 3578; x_wconf 90' lang='lat' dir='ltr'><strong>ipsi</strong></span> <span class='ocrx_word' id='word_1_471' title='bbox 1428 3506 1486 3562; x_wconf 91' lang='lat' dir='ltr'><strong>sibi</strong></span> <span class='ocrx_word' id='word_1_472' title='bbox 1508 3507 1569 3564; x_wconf 87' lang='lat' dir='ltr'><strong>sint</strong></span> <span class='ocrx_word' id='word_1_473' title='bbox 1582 3507 1628 3565; x_wconf 83' lang='lat' dir='ltr'><strong>lex</strong></span> <span class='ocrx_word' id='word_1_474' title='bbox 1645 3509 1733 3580; x_wconf 84' lang='lat' dir='ltr'><strong>(Rom.</strong></span> <span class='ocrx_word' id='word_1_475' title='bbox 1751 3526 1784 3578; x_wconf 83' lang='lat' dir='ltr'><strong>rr,</strong></span> <span class='ocrx_word' id='word_1_476' title='bbox 1800 3511 1857 3581; x_wconf 77' lang='lat'><strong>14),</strong></span> 
     </span>
     <span class='ocr_line' id='line_1_38' title="bbox 153 3579 1859 3665; baseline 0.001 -14"><span class='ocrx_word' id='word_1_477' title='bbox 153 3591 584 3665; x_wconf 82' lang='lat' dir='ltr'><strong>roboraieiuerintingenio,ad</strong></span> <span class='ocrx_word' id='word_1_478' title='bbox 596 3591 711 3649; x_wconf 92' lang='lat' dir='ltr'><strong>nullum</strong></span> <span class='ocrx_word' id='word_1_479' title='bbox 723 3592 977 3665; x_wconf 81' lang='lat' dir='ltr'><strong>cispray&#39;udicinm</strong></span> <span class='ocrx_word' id='word_1_480' title='bbox 1008 3579 1012 3588; x_wconf 71' lang='grc'><strong>’</strong></span> <span class='ocrx_word' id='word_1_481' title='bbox 1032 3595 1227 3661; x_wconf 84' lang='lat' dir='ltr'><strong>accusatores,</strong></span> <span class='ocrx_word' id='word_1_482' title='bbox 1250 3592 1368 3664; x_wconf 86' lang='lat' dir='ltr'><strong>judices</strong></span> <span class='ocrx_word' id='word_1_483' title='bbox 1391 3598 1421 3650; x_wconf 88' lang='lat' dir='ltr'><strong>et</strong></span> <span class='ocrx_word' id='word_1_484' title='bbox 1441 3599 1543 3664; x_wconf 87' lang='lat' dir='ltr'><strong>testes,</strong></span> <span class='ocrx_word' id='word_1_485' title='bbox 1558 3612 1615 3652; x_wconf 89' lang='lat' dir='ltr'><strong>non</strong></span> <span class='ocrx_word' id='word_1_486' title='bbox 1639 3598 1751 3654; x_wconf 89' lang='lat' dir='ltr'><strong>ratione</strong></span> <span class='ocrx_word' id='word_1_487' title='bbox 1765 3598 1816 3655; x_wconf 89' lang='lat' dir='ltr'><strong>sed</strong></span> <span class='ocrx_word' id='word_1_488' title='bbox 1831 3598 1859 3654; x_wconf 90' lang='lat' dir='ltr'><strong>vi</strong></span> 
     </span>
     <span class='ocr_line' id='line_1_39' title="bbox 153 3680 1859 3759; baseline 0.002 -20"><span class='ocrx_word' id='word_1_489' title='bbox 153 3686 206 3739; x_wconf 88' lang='lat' dir='ltr'><strong>aut</strong></span> <span class='ocrx_word' id='word_1_490' title='bbox 219 3685 428 3738; x_wconf 90' lang='lat' dir='ltr'><strong>nocumentum</strong></span> <span class='ocrx_word' id='word_1_491' title='bbox 440 3681 591 3753; x_wconf 89' lang='lat' dir='ltr'><strong>provenire</strong></span> <span class='ocrx_word' id='word_1_492' title='bbox 602 3696 766 3738; x_wconf 87' lang='lat' dir='ltr'><strong>censemus.</strong></span> <span class='ocrx_word' id='word_1_493' title='bbox 788 3703 803 3732; x_wconf 77' lang='lat' dir='ltr'><strong>n</strong></span> <span class='ocrx_word' id='word_1_494' title='bbox 831 3681 978 3739; x_wconf 85' lang='lat' dir='ltr'><strong>Fabianus</strong></span> <span class='ocrx_word' id='word_1_495' title='bbox 1031 3681 1088 3754; x_wconf 89' lang='lat' dir='ltr'><strong>ipsi</strong></span> <span class='ocrx_word' id='word_1_496' title='bbox 1101 3680 1214 3755; x_wconf 84' lang='lat' dir='ltr'><strong>[simui]</strong></span> <span class='ocrx_word' id='word_1_497' title='bbox 1230 3681 1371 3738; x_wconf 85' lang='lat' dir='ltr'><strong>existunt.</strong></span> <span class='ocrx_word' id='word_1_498' title='bbox 1380 3682 1715 3759; x_wconf 79' lang='lat' dir='ltr'><strong>satisfactionemigitur</strong></span> <span class='ocrx_word' id='word_1_499' title='bbox 1729 3687 1859 3743; x_wconf 89' lang='lat' dir='ltr'><strong>accusati</strong></span> 
     </span>
     <span class='ocr_line' id='line_1_40' title="bbox 152 3769 1857 3845; baseline 0.002 -17"><span class='ocrx_word' id='word_1_500' title='bbox 152 3773 243 3844; x_wconf 75' lang='lat' dir='ltr'><strong>(spica</strong></span> <span class='ocrx_word' id='word_1_501' title='bbox 258 3770 286 3842; x_wconf 84' lang='lat'><strong>2)</strong></span> <span class='ocrx_word' id='word_1_502' title='bbox 299 3787 306 3826; x_wconf 92' lang='lat'>:</span> <span class='ocrx_word' id='word_1_503' title='bbox 324 3792 339 3822; x_wconf 87' lang='lat'>«</span> <span class='ocrx_word' id='word_1_504' title='bbox 353 3771 411 3827; x_wconf 89' lang='lat' dir='ltr'><strong>Nec</strong></span> <span class='ocrx_word' id='word_1_505' title='bbox 422 3769 501 3825; x_wconf 91' lang='lat' dir='ltr'><strong>ullus</strong></span> <span class='ocrx_word' id='word_1_506' title='bbox 512 3786 642 3842; x_wconf 88' lang='lat' dir='ltr'><strong>unquam</strong></span> <span class='ocrx_word' id='word_1_507' title='bbox 654 3776 813 3842; x_wconf 79' lang='lat' dir='ltr'><strong>presumat</strong></span> <span class='ocrx_word' id='word_1_508' title='bbox 826 3776 978 3828; x_wconf 91' lang='lat' dir='ltr'><strong>accusator</strong></span> <span class='ocrx_word' id='word_1_509' title='bbox 1033 3770 1193 3828; x_wconf 87' lang='lat' dir='ltr'><strong>sacerdotis</strong></span> <span class='ocrx_word' id='word_1_510' title='bbox 1208 3770 1276 3840; x_wconf 89' lang='lat' dir='ltr'><strong>[sub</strong></span> <span class='ocrx_word' id='word_1_511' title='bbox 1288 3771 1481 3844; x_wconf 81' lang='lat' dir='ltr'><strong>jurejurando</strong></span> <span class='ocrx_word' id='word_1_512' title='bbox 1496 3773 1618 3830; x_wconf 90' lang='lat' dir='ltr'><strong>minime</strong></span> <span class='ocrx_word' id='word_1_513' title='bbox 1634 3775 1734 3832; x_wconf 88' lang='lat' dir='ltr'><strong>dicunt</strong></span> <span class='ocrx_word' id='word_1_514' title='bbox 1748 3776 1857 3845; x_wconf 90' lang='lat' dir='ltr'><strong>valere,</strong></span> 
     </span>
     <span class='ocr_line' id='line_1_41' title="bbox 154 3858 1860 3938; baseline 0.002 -21"><span class='ocrx_word' id='word_1_515' title='bbox 154 3859 322 3917; x_wconf 87' lang='lat' dir='ltr'><strong>simulasse</strong></span> <span class='ocrx_word' id='word_1_516' title='bbox 345 3859 476 3930; x_wconf 84' lang='lat' dir='ltr'><strong>etjudex</strong></span> <span class='ocrx_word' id='word_1_517' title='bbox 500 3863 529 3914; x_wconf 90' lang='lat' dir='ltr'><strong>et</strong></span> <span class='ocrx_word' id='word_1_518' title='bbox 553 3858 648 3924; x_wconf 88' lang='lat' dir='ltr'><strong>iestis,</strong></span> <span class='ocrx_word' id='word_1_519' title='bbox 673 3859 813 3931; x_wconf 89' lang='lat' dir='ltr'><strong>quoniam</strong></span> <span class='ocrx_word' id='word_1_520' title='bbox 839 3861 869 3916; x_wconf 90' lang='lat' dir='ltr'><strong>in</strong></span> <span class='ocrx_word' id='word_1_521' title='bbox 898 3860 977 3917; x_wconf 92' lang='lat' dir='ltr'><strong>omni</strong></span> <span class='ocrx_word' id='word_1_522' title='bbox 1033 3859 1089 3916; x_wconf 90' lang='lat' dir='ltr'><strong>nisi</strong></span> <span class='ocrx_word' id='word_1_523' title='bbox 1103 3860 1202 3933; x_wconf 88' lang='lat' dir='ltr'><strong>plures</strong></span> <span class='ocrx_word' id='word_1_524' title='bbox 1216 3859 1304 3917; x_wconf 87' lang='lat' dir='ltr'><strong>etiam</strong></span> <span class='ocrx_word' id='word_1_525' title='bbox 1320 3863 1487 3919; x_wconf 88' lang='lat' dir='ltr'><strong>sacerdotes</strong></span> <span class='ocrx_word' id='word_1_526' title='bbox 1503 3864 1615 3937; x_wconf 87' lang='lat' dir='ltr'><strong>secum]</strong></span> <span class='ocrx_word' id='word_1_527' title='bbox 1630 3863 1787 3938; x_wconf 90' lang='lat' dir='ltr'><strong>compellat</strong></span> <span class='ocrx_word' id='word_1_528' title='bbox 1806 3866 1860 3937; x_wconf 80' lang='lat' dir='ltr'><strong>Ju-</strong></span> 
     </span>
     <span class='ocr_line' id='line_1_42' title="bbox 150 3934 1858 4027; baseline 0.004 -22"><span class='ocrx_word' id='word_1_529' title='bbox 150 3949 264 4023; x_wconf 83' lang='lat' dir='ltr'><strong>judicic</strong></span> <span class='ocrx_word' id='word_1_530' title='bbox 275 3952 549 4022; x_wconf 86' lang='lat' dir='ltr'><strong>quatuorparsonas</strong></span> <span class='ocrx_word' id='word_1_531' title='bbox 560 3952 728 4005; x_wconf 85' lang='lat' dir='ltr'><strong>necesseast</strong></span> <span class='ocrx_word' id='word_1_532' title='bbox 738 3965 854 4023; x_wconf 89' lang='lat' dir='ltr'><strong>semper</strong></span> <span class='ocrx_word' id='word_1_533' title='bbox 864 3951 976 4006; x_wconf 90' lang='lat' dir='ltr'><strong>adesse:</strong></span> <span class='ocrx_word' id='word_1_534' title='bbox 1034 3950 1215 4022; x_wconf 89' lang='lat' dir='ltr'><strong>rare‚inique</strong></span> <span class='ocrx_word' id='word_1_535' title='bbox 1230 3949 1284 4005; x_wconf 93' lang='lat' dir='ltr'><strong>boc</strong></span> <span class='ocrx_word' id='word_1_536' title='bbox 1297 3955 1482 4009; x_wconf 87' lang='lat' dir='ltr'><strong>assumentes</strong></span> <span class='ocrx_word' id='word_1_537' title='bbox 1500 3951 1532 4008; x_wconf 90' lang='lat' dir='ltr'><strong>in</strong></span> <span class='ocrx_word' id='word_1_538' title='bbox 1549 3934 1761 4023; x_wconf 79' lang='lat' dir='ltr'><strong>testimonium,</strong></span> <span class='ocrx_word' id='word_1_539' title='bbox 1780 3955 1858 4027; x_wconf 90' lang='lat' dir='ltr'><strong>quod</strong></span> 
     </span>
     <span class='ocr_line' id='line_1_43' title="bbox 153 4037 1857 4111; baseline 0.002 -16"><span class='ocrx_word' id='word_1_540' title='bbox 153 4038 183 4095; x_wconf 89' lang='lat' dir='ltr'><strong>id</strong></span> <span class='ocrx_word' id='word_1_541' title='bbox 200 4043 254 4103; x_wconf 86' lang='lat' dir='ltr'><strong>esi,</strong></span> <span class='ocrx_word' id='word_1_542' title='bbox 265 4039 384 4111; x_wconf 84' lang='lat' dir='ltr'><strong>judices</strong></span> <span class='ocrx_word' id='word_1_543' title='bbox 398 4037 515 4107; x_wconf 89' lang='lat' dir='ltr'><strong>electos,</strong></span> <span class='ocrx_word' id='word_1_544' title='bbox 539 4040 569 4094; x_wconf 91' lang='lat' dir='ltr'><strong>et</strong></span> <span class='ocrx_word' id='word_1_545' title='bbox 582 4042 780 4107; x_wconf 85' lang='lat' dir='ltr'><strong>accusatores,</strong></span> <span class='ocrx_word' id='word_1_546' title='bbox 795 4055 828 4095; x_wconf 88' lang='lat' dir='ltr'><strong>ac</strong></span> <span class='ocrx_word' id='word_1_547' title='bbox 844 4039 979 4096; x_wconf 82' lang='lat' dir='ltr'><strong>defenso·</strong></span> <span class='ocrx_word' id='word_1_548' title='bbox 1034 4039 1146 4109; x_wconf 85' lang='lat' dir='ltr'><strong>iactum</strong></span> <span class='ocrx_word' id='word_1_549' title='bbox 1172 4055 1203 4095; x_wconf 88' lang='lat' dir='ltr'><strong>se</strong></span> <span class='ocrx_word' id='word_1_550' title='bbox 1218 4037 1324 4111; x_wconf 87' lang='lat' dir='ltr'><strong>legisse</strong></span> <span class='ocrx_word' id='word_1_551' title='bbox 1336 4040 1452 4110; x_wconf 86' lang='lat' dir='ltr'><strong>jactant</strong></span> <span class='ocrx_word' id='word_1_552' title='bbox 1475 4041 1505 4096; x_wconf 94' lang='lat' dir='ltr'><strong>in</strong></span> <span class='ocrx_word' id='word_1_553' title='bbox 1530 4041 1644 4098; x_wconf 91' lang='lat' dir='ltr'><strong>actibus</strong></span> <span class='ocrx_word' id='word_1_554' title='bbox 1658 4044 1857 4100; x_wconf 81' lang='lat' dir='ltr'><strong>Romanorum</strong></span> 
     </span>
     <span class='ocr_line' id='line_1_44' title="bbox 154 4126 1859 4205; baseline 0.001 -19"><span class='ocrx_word' id='word_1_555' title='bbox 154 4145 212 4199; x_wconf 89' lang='lat' dir='ltr'><strong>res,</strong></span> <span class='ocrx_word' id='word_1_556' title='bbox 227 4133 316 4200; x_wconf 88' lang='lat' dir='ltr'><strong>atque</strong></span> <span class='ocrx_word' id='word_1_557' title='bbox 329 4131 429 4183; x_wconf 89' lang='lat' dir='ltr'><strong>testes.</strong></span> <span class='ocrx_word' id='word_1_558' title='bbox 446 4149 461 4178; x_wconf 82' lang='lat' dir='ltr'><strong>n</strong></span> <span class='ocrx_word' id='word_1_559' title='bbox 477 4126 556 4184; x_wconf 80' lang='lat' dir='ltr'><strong>Felix</strong></span> <span class='ocrx_word' id='word_1_560' title='bbox 570 4126 678 4200; x_wconf 86' lang='lat' dir='ltr'><strong>quippe</strong></span> <span class='ocrx_word' id='word_1_561' title='bbox 690 4128 731 4183; x_wconf 88' lang='lat' dir='ltr'><strong>ait</strong></span> <span class='ocrx_word' id='word_1_562' title='bbox 746 4129 833 4198; x_wconf 64' lang='lat' dir='ltr'><strong>(epid</strong></span> <span class='ocrx_word' id='word_1_563' title='bbox 852 4129 896 4198; x_wconf 86' lang='lat'><strong>2):</strong></span> <span class='ocrx_word' id='word_1_564' title='bbox 914 4152 928 4180; x_wconf 77' lang='grc' dir='ltr'>α</span> <span class='ocrx_word' id='word_1_565' title='bbox 948 4128 978 4185; x_wconf 87' lang='lat' dir='ltr'><strong>Si</strong></span> <span class='ocrx_word' id='word_1_566' title='bbox 1034 4127 1218 4201; x_wconf 84' lang='lat' dir='ltr'><strong>pontificum.</strong></span> <span class='ocrx_word' id='word_1_567' title='bbox 1234 4127 1306 4183; x_wconf 89' lang='lat' dir='ltr'><strong>Nam</strong></span> <span class='ocrx_word' id='word_1_568' title='bbox 1324 4130 1402 4201; x_wconf 89' lang='lat' dir='ltr'><strong>quod</strong></span> <span class='ocrx_word' id='word_1_569' title='bbox 1428 4130 1465 4186; x_wconf 93' lang='lat' dir='ltr'><strong>de</strong></span> <span class='ocrx_word' id='word_1_570' title='bbox 1480 4129 1605 4187; x_wconf 84' lang='lat' dir='ltr'><strong>Damaso</strong></span> <span class='ocrx_word' id='word_1_571' title='bbox 1620 4134 1649 4187; x_wconf 88' lang='lat' dir='ltr'><strong>et</strong></span> <span class='ocrx_word' id='word_1_572' title='bbox 1663 4131 1753 4201; x_wconf 84' lang='lat' dir='ltr'><strong>Sixto,</strong></span> <span class='ocrx_word' id='word_1_573' title='bbox 1770 4138 1859 4205; x_wconf 89' lang='lat' dir='ltr'><strong>atque</strong></span> 
     </span>
     <span class='ocr_line' id='line_1_45' title="bbox 155 4214 1903 4292; baseline 0.005 -20"><span class='ocrx_word' id='word_1_574' title='bbox 155 4217 225 4289; x_wconf 88' lang='lat' dir='ltr'><strong>quis</strong></span> <span class='ocrx_word' id='word_1_575' title='bbox 234 4216 392 4288; x_wconf 87' lang='lat' dir='ltr'><strong>episcopua</strong></span> <span class='ocrx_word' id='word_1_576' title='bbox 400 4215 436 4271; x_wconf 89' lang='lat' dir='ltr'><strong>ab</strong></span> <span class='ocrx_word' id='word_1_577' title='bbox 448 4215 506 4270; x_wconf 91' lang='lat' dir='ltr'><strong>iliis</strong></span> <span class='ocrx_word' id='word_1_578' title='bbox 521 4215 741 4272; x_wconf 89' lang='lat' dir='ltr'><strong>accusatoribus</strong></span> <span class='ocrx_word' id='word_1_579' title='bbox 756 4216 806 4288; x_wconf 91' lang='lat' dir='ltr'><strong>qui</strong></span> <span class='ocrx_word' id='word_1_580' title='bbox 822 4217 981 4290; x_wconf 90' lang='lat' dir='ltr'><strong>recipiendi</strong></span> <span class='ocrx_word' id='word_1_581' title='bbox 1033 4214 1207 4289; x_wconf 85' lang='lat' dir='ltr'><strong>Symmacho</strong></span> <span class='ocrx_word' id='word_1_582' title='bbox 1220 4216 1437 4275; x_wconf 84' lang='lat' dir='ltr'><strong>venerabilibus</strong></span> <span class='ocrx_word' id='word_1_583' title='bbox 1451 4219 1640 4292; x_wconf 89' lang='lat' dir='ltr'><strong>pontiilnibua</strong></span> <span class='ocrx_word' id='word_1_584' title='bbox 1655 4220 1813 4288; x_wconf 85' lang='lat' dir='ltr'><strong>invenitur,</strong></span> <span class='ocrx_word' id='word_1_585' title='bbox 1824 4238 1858 4277; x_wconf 88' lang='lat' dir='ltr'><strong>eo</strong></span> <span class='ocrx_word' id='word_1_586' title='bbox 1900 4278 1903 4281; x_wconf 18' lang='lat' dir='ltr'><strong>r</strong></span> 
     </span>
     <span class='ocr_line' id='line_1_46' title="bbox 156 4303 1858 4381; baseline 0.001 -20"><span class='ocrx_word' id='word_1_587' title='bbox 156 4308 237 4372; x_wconf 88' lang='lat' dir='ltr'><strong>sunt,</strong></span> <span class='ocrx_word' id='word_1_588' title='bbox 253 4303 340 4359; x_wconf 81' lang='lat' dir='ltr'><strong>iuerat</strong></span> <span class='ocrx_word' id='word_1_589' title='bbox 350 4307 516 4371; x_wconf 87' lang='lat' dir='ltr'><strong>aecusatus,</strong></span> <span class='ocrx_word' id='word_1_590' title='bbox 529 4307 686 4376; x_wconf 87' lang='lat' dir='ltr'><strong>postquam</strong></span> <span class='ocrx_word' id='word_1_591' title='bbox 701 4304 763 4376; x_wconf 87' lang='lat' dir='ltr'><strong>ipse</strong></span> <span class='ocrx_word' id='word_1_592' title='bbox 775 4305 812 4361; x_wconf 91' lang='lat' dir='ltr'><strong>ab</strong></span> <span class='ocrx_word' id='word_1_593' title='bbox 826 4306 869 4362; x_wconf 92' lang='lat' dir='ltr'><strong>eis</strong></span> <span class='ocrx_word' id='word_1_594' title='bbox 884 4305 980 4363; x_wconf 88' lang='lat' dir='ltr'><strong>cbari-</strong></span> <span class='ocrx_word' id='word_1_595' title='bbox 1034 4306 1113 4378; x_wconf 92' lang='lat' dir='ltr'><strong>quod</strong></span> <span class='ocrx_word' id='word_1_596' title='bbox 1128 4306 1199 4361; x_wconf 92' lang='lat' dir='ltr'><strong>dum</strong></span> <span class='ocrx_word' id='word_1_597' title='bbox 1211 4305 1571 4381; x_wconf 88' lang='lat' dir='ltr'><strong>aquibusdampervereis</strong></span> <span class='ocrx_word' id='word_1_598' title='bbox 1581 4309 1617 4364; x_wconf 90' lang='lat' dir='ltr'><strong>de</strong></span> <span class='ocrx_word' id='word_1_599' title='bbox 1627 4309 1801 4365; x_wconf 89' lang='lat' dir='ltr'><strong>criminibus</strong></span> <span class='ocrx_word' id='word_1_600' title='bbox 1812 4324 1858 4362; x_wconf 91' lang='lat' dir='ltr'><strong>ac·</strong></span> 
     </span>
     <span class='ocr_line' id='line_1_47' title="bbox 155 4392 1857 4468; baseline 0.001 -19"><span class='ocrx_word' id='word_1_601' title='bbox 155 4393 247 4450; x_wconf 83' lang='lat' dir='ltr'><strong>iative</strong></span> <span class='ocrx_word' id='word_1_602' title='bbox 260 4396 420 4450; x_wconf 88' lang='lat' dir='ltr'><strong>conventus</strong></span> <span class='ocrx_word' id='word_1_603' title='bbox 434 4392 530 4462; x_wconf 86' lang='lat' dir='ltr'><strong>luerit,</strong></span> <span class='ocrx_word' id='word_1_604' title='bbox 541 4393 677 4464; x_wconf 88' lang='lat' dir='ltr'><strong>utipsam</strong></span> <span class='ocrx_word' id='word_1_605' title='bbox 692 4409 811 4450; x_wconf 89' lang='lat' dir='ltr'><strong>causam</strong></span> <span class='ocrx_word' id='word_1_606' title='bbox 824 4396 979 4452; x_wconf 89' lang='lat' dir='ltr'><strong>emendare</strong></span> <span class='ocrx_word' id='word_1_607' title='bbox 1034 4399 1217 4462; x_wconf 78' lang='lat' dir='ltr'><strong>curarentur,</strong></span> <span class='ocrx_word' id='word_1_608' title='bbox 1227 4394 1356 4452; x_wconf 89' lang='lat' dir='ltr'><strong>collectis</strong></span> <span class='ocrx_word' id='word_1_609' title='bbox 1366 4397 1568 4468; x_wconf 88' lang='lat' dir='ltr'><strong>episcopcrum</strong></span> <span class='ocrx_word' id='word_1_610' title='bbox 1580 4395 1711 4451; x_wconf 92' lang='lat' dir='ltr'><strong>conciliis</strong></span> <span class='ocrx_word' id='word_1_611' title='bbox 1720 4394 1857 4465; x_wconf 89' lang='lat' dir='ltr'><strong>synodice</strong></span> 
     </span>
     <span class='ocr_line' id='line_1_48' title="bbox 156 4480 1858 4562; baseline -0.001 -22"><span class='ocrx_word' id='word_1_612' title='bbox 156 4482 273 4552; x_wconf 87' lang='lat' dir='ltr'><strong>debeat,</strong></span> <span class='ocrx_word' id='word_1_613' title='bbox 289 4487 318 4539; x_wconf 90' lang='lat' dir='ltr'><strong>et</strong></span> <span class='ocrx_word' id='word_1_614' title='bbox 331 4499 396 4539; x_wconf 90' lang='lat' dir='ltr'><strong>eam</strong></span> <span class='ocrx_word' id='word_1_615' title='bbox 412 4482 554 4553; x_wconf 83' lang='lat' dir='ltr'><strong>corrigere</strong></span> <span class='ocrx_word' id='word_1_616' title='bbox 578 4481 721 4543; x_wconf 77' lang='lat' dir='ltr'><strong>nolucrit:</strong></span> <span class='ocrx_word' id='word_1_617' title='bbox 744 4498 802 4539; x_wconf 91' lang='lat' dir='ltr'><strong>non</strong></span> <span class='ocrx_word' id='word_1_618' title='bbox 818 4484 899 4553; x_wconf 90' lang='lat' dir='ltr'><strong>olim,</strong></span> <span class='ocrx_word' id='word_1_619' title='bbox 928 4485 978 4543; x_wconf 90' lang='lat' dir='ltr'><strong>scd</strong></span> <span class='ocrx_word' id='word_1_620' title='bbox 994 4496 1018 4562; x_wconf 70' lang='grc' dir='ltr'><strong>Ι)</strong></span> <span class='ocrx_word' id='word_1_621' title='bbox 1034 4485 1150 4558; x_wconf 90' lang='lat' dir='ltr'><strong>purgati</strong></span> <span class='ocrx_word' id='word_1_622' title='bbox 1163 4486 1245 4551; x_wconf 85' lang='lat' dir='ltr'><strong>suut,</strong></span> <span class='ocrx_word' id='word_1_623' title='bbox 1260 4483 1315 4539; x_wconf 92' lang='lat' dir='ltr'><strong>hoc</strong></span> <span class='ocrx_word' id='word_1_624' title='bbox 1330 4500 1361 4539; x_wconf 91' lang='lat' dir='ltr'><strong>se</strong></span> <span class='ocrx_word' id='word_1_625' title='bbox 1384 4483 1432 4539; x_wconf 88' lang='lat' dir='ltr'><strong>his</strong></span> <span class='ocrx_word' id='word_1_626' title='bbox 1454 4482 1550 4540; x_wconf 89' lang='lat' dir='ltr'><strong>verbis</strong></span> <span class='ocrx_word' id='word_1_627' title='bbox 1563 4482 1681 4554; x_wconf 85' lang='lat' dir='ltr'><strong>penitus</strong></span> <span class='ocrx_word' id='word_1_628' title='bbox 1695 4480 1858 4555; x_wconf 86' lang='lat' dir='ltr'><strong>intelligere</strong></span> 
     </span>
     <span class='ocr_line' id='line_1_49' title="bbox 153 4569 1856 4644; baseline 0.001 -16"><span class='ocrx_word' id='word_1_629' title='bbox 153 4575 225 4629; x_wconf 90' lang='lat' dir='ltr'><strong>tunc</strong></span> <span class='ocrx_word' id='word_1_630' title='bbox 239 4573 275 4628; x_wconf 86' lang='lat' dir='ltr'><strong>ad</strong></span> <span class='ocrx_word' id='word_1_631' title='bbox 288 4587 421 4628; x_wconf 89' lang='lat' dir='ltr'><strong>summos</strong></span> <span class='ocrx_word' id='word_1_632' title='bbox 436 4570 577 4642; x_wconf 88' lang='lat' dir='ltr'><strong>primates</strong></span> <span class='ocrx_word' id='word_1_633' title='bbox 593 4587 682 4627; x_wconf 89' lang='lat' dir='ltr'><strong>causa</strong></span> <span class='ocrx_word' id='word_1_634' title='bbox 692 4573 756 4644; x_wconf 89' lang='lat' dir='ltr'><strong>ejus</strong></span> <span class='ocrx_word' id='word_1_635' title='bbox 770 4573 910 4632; x_wconf 88' lang='lat' dir='ltr'><strong>canonice</strong></span> <span class='ocrx_word' id='word_1_636' title='bbox 925 4576 977 4632; x_wconf 90' lang='lat' dir='ltr'><strong>dc·</strong></span> <span class='ocrx_word' id='word_1_637' title='bbox 1034 4573 1172 4637; x_wconf 65' lang='lat' dir='ltr'><strong>luuntur,</strong></span> <span class='ocrx_word' id='word_1_638' title='bbox 1188 4571 1266 4643; x_wconf 91' lang='lat' dir='ltr'><strong>quod</strong></span> <span class='ocrx_word' id='word_1_639' title='bbox 1281 4586 1384 4626; x_wconf 91' lang='lat' dir='ltr'><strong>omnes</strong></span> <span class='ocrx_word' id='word_1_640' title='bbox 1409 4570 1536 4644; x_wconf 77' lang='lat' dir='ltr'><strong>predicti</strong></span> <span class='ocrx_word' id='word_1_641' title='bbox 1556 4569 1683 4643; x_wconf 89' lang='lat' dir='ltr'><strong>episcopi</strong></span> <span class='ocrx_word' id='word_1_642' title='bbox 1699 4585 1767 4626; x_wconf 89' lang='lat' dir='ltr'><strong>cum</strong></span> <span class='ocrx_word' id='word_1_643' title='bbox 1782 4571 1856 4644; x_wconf 90' lang='lat' dir='ltr'><strong>ipsis</strong></span> 
     </span>
     <span class='ocr_line' id='line_1_50' title="bbox 155 4658 1856 4736; baseline -0.001 -18"><span class='ocrx_word' id='word_1_644' title='bbox 155 4661 275 4730; x_wconf 84' lang='lat' dir='ltr'><strong>ieraivrr,</strong></span> <span class='ocrx_word' id='word_1_645' title='bbox 287 4661 337 4733; x_wconf 92' lang='lat' dir='ltr'><strong>qui</strong></span> <span class='ocrx_word' id='word_1_646' title='bbox 349 4661 378 4716; x_wconf 89' lang='lat' dir='ltr'><strong>in</strong></span> <span class='ocrx_word' id='word_1_647' title='bbox 394 4675 523 4732; x_wconf 90' lang='lat' dir='ltr'><strong>congruo</strong></span> <span class='ocrx_word' id='word_1_648' title='bbox 534 4659 596 4716; x_wconf 94' lang='lat' dir='ltr'><strong>ioco</strong></span> <span class='ocrx_word' id='word_1_649' title='bbox 607 4659 683 4716; x_wconf 86' lang='lat' dir='ltr'><strong>inire</strong></span> <span class='ocrx_word' id='word_1_650' title='bbox 693 4659 787 4734; x_wconf 88' lang='lat' dir='ltr'><strong>ipsam</strong></span> <span class='ocrx_word' id='word_1_651' title='bbox 799 4663 977 4735; x_wconf 88' lang='lat' dir='ltr'><strong>provinciam</strong></span> <span class='ocrx_word' id='word_1_652' title='bbox 1034 4660 1235 4736; x_wconf 85' lang='lat' dir='ltr'><strong>pontificibus,</strong></span> <span class='ocrx_word' id='word_1_653' title='bbox 1251 4675 1303 4731; x_wconf 93' lang='lat' dir='ltr'><strong>pro</strong></span> <span class='ocrx_word' id='word_1_654' title='bbox 1318 4658 1409 4715; x_wconf 84' lang='lat' dir='ltr'><strong>illatis</strong></span> <span class='ocrx_word' id='word_1_655' title='bbox 1421 4661 1573 4731; x_wconf 88' lang='lat' dir='ltr'><strong>jurassent</strong></span> <span class='ocrx_word' id='word_1_656' title='bbox 1583 4659 1856 4734; x_wconf 79' lang='lat' dir='ltr'><strong>criminibus,quasi</strong></span> 
     </span>
     <span class='ocr_line' id='line_1_51' title="bbox 155 4746 1856 4824; baseline 0 -17"><span class='ocrx_word' id='word_1_657' title='bbox 155 4754 288 4822; x_wconf 91' lang='lat' dir='ltr'><strong>tempore</strong></span> <span class='ocrx_word' id='word_1_658' title='bbox 301 4764 441 4822; x_wconf 90' lang='lat' dir='ltr'><strong>congruo,</strong></span> <span class='ocrx_word' id='word_1_659' title='bbox 452 4747 481 4804; x_wconf 89' lang='lat' dir='ltr'><strong>id</strong></span> <span class='ocrx_word' id='word_1_660' title='bbox 497 4751 542 4805; x_wconf 89' lang='lat' dir='ltr'><strong>est</strong></span> <span class='ocrx_word' id='word_1_661' title='bbox 551 4749 726 4818; x_wconf 88' lang='lat' dir='ltr'><strong>autumnali,</strong></span> <span class='ocrx_word' id='word_1_662' title='bbox 736 4749 781 4807; x_wconf 91' lang='lat' dir='ltr'><strong>vel</strong></span> <span class='ocrx_word' id='word_1_663' title='bbox 791 4753 900 4824; x_wconf 80' lang='lat' dir='ltr'><strong>estivo,</strong></span> <span class='ocrx_word' id='word_1_664' title='bbox 911 4769 980 4808; x_wconf 92' lang='lat' dir='ltr'><strong>con·</strong></span> <span class='ocrx_word' id='word_1_665' title='bbox 1033 4767 1093 4808; x_wconf 90' lang='lat' dir='ltr'><strong>non</strong></span> <span class='ocrx_word' id='word_1_666' title='bbox 1107 4765 1158 4806; x_wconf 90' lang='lat' dir='ltr'><strong>eos</strong></span> <span class='ocrx_word' id='word_1_667' title='bbox 1167 4746 1499 4821; x_wconf 77' lang='lat' dir='ltr'><strong>propdataotummodo</strong></span> <span class='ocrx_word' id='word_1_668' title='bbox 1508 4747 1672 4806; x_wconf 86' lang='lat' dir='ltr'><strong>absolveret</strong></span> <span class='ocrx_word' id='word_1_669' title='bbox 1685 4749 1856 4821; x_wconf 80' lang='lat' dir='ltr'><strong>satisfactio,</strong></span> 
     </span>
     <span class='ocr_line' id='line_1_52' title="bbox 156 4836 1857 4913; baseline -0.001 -17"><span class='ocrx_word' id='word_1_670' title='bbox 156 4839 257 4897; x_wconf 90' lang='lat' dir='ltr'><strong>cilium</strong></span> <span class='ocrx_word' id='word_1_671' title='bbox 274 4837 446 4913; x_wconf 89' lang='lat' dir='ltr'><strong>regulariter</strong></span> <span class='ocrx_word' id='word_1_672' title='bbox 460 4853 618 4894; x_wconf 92' lang='lat' dir='ltr'><strong>convocare</strong></span> <span class='ocrx_word' id='word_1_673' title='bbox 643 4839 803 4908; x_wconf 88' lang='lat' dir='ltr'><strong>debebunt,</strong></span> <span class='ocrx_word' id='word_1_674' title='bbox 831 4841 872 4898; x_wconf 87' lang='lat' dir='ltr'><strong>ita</strong></span> <span class='ocrx_word' id='word_1_675' title='bbox 892 4844 925 4897; x_wconf 88' lang='lat' dir='ltr'><strong>ut</strong></span> <span class='ocrx_word' id='word_1_676' title='bbox 943 4841 980 4897; x_wconf 88' lang='lat' dir='ltr'><strong>ab</strong></span> <span class='ocrx_word' id='word_1_677' title='bbox 1035 4838 1092 4896; x_wconf 90' lang='lat' dir='ltr'><strong>nisi</strong></span> <span class='ocrx_word' id='word_1_678' title='bbox 1107 4837 1162 4894; x_wconf 91' lang='lat' dir='ltr'><strong>boc</strong></span> <span class='ocrx_word' id='word_1_679' title='bbox 1188 4837 1278 4893; x_wconf 88' lang='lat' dir='ltr'><strong>eiiam</strong></span> <span class='ocrx_word' id='word_1_680' title='bbox 1303 4836 1505 4909; x_wconf 83' lang='lat' dir='ltr'><strong>predictorum</strong></span> <span class='ocrx_word' id='word_1_681' title='bbox 1530 4839 1709 4895; x_wconf 77' lang='lat' dir='ltr'><strong>conibatrum</strong></span> <span class='ocrx_word' id='word_1_682' title='bbox 1726 4839 1857 4895; x_wconf 82' lang='lat' dir='ltr'><strong>firmaret</strong></span> 
     </span>
     <span class='ocr_line' id='line_1_53' title="bbox 155 4925 1855 5001; baseline -0.001 -15"><span class='ocrx_word' id='word_1_683' title='bbox 155 4928 295 4986; x_wconf 89' lang='lat' dir='ltr'><strong>omnibus</strong></span> <span class='ocrx_word' id='word_1_684' title='bbox 310 4928 444 4999; x_wconf 89' lang='lat' dir='ltr'><strong>ejusdem</strong></span> <span class='ocrx_word' id='word_1_685' title='bbox 460 4926 613 4998; x_wconf 80' lang='lat' dir='ltr'><strong>provincia</strong></span> <span class='ocrx_word' id='word_1_686' title='bbox 627 4927 773 5000; x_wconf 92' lang='lat' dir='ltr'><strong>episcopis</strong></span> <span class='ocrx_word' id='word_1_687' title='bbox 789 4928 859 4985; x_wconf 93' lang='lat' dir='ltr'><strong>inibi</strong></span> <span class='ocrx_word' id='word_1_688' title='bbox 875 4930 979 4986; x_wconf 89' lang='lat' dir='ltr'><strong>audia-</strong></span> <span class='ocrx_word' id='word_1_689' title='bbox 1030 4925 1151 5000; x_wconf 84' lang='lat' dir='ltr'><strong>juratio.</strong></span> <span class='ocrx_word' id='word_1_690' title='bbox 1167 4926 1257 4983; x_wconf 88' lang='lat' dir='ltr'><strong>Nobis</strong></span> <span class='ocrx_word' id='word_1_691' title='bbox 1274 4929 1372 4982; x_wconf 72' lang='lat' dir='ltr'><strong>umen</strong></span> <span class='ocrx_word' id='word_1_692' title='bbox 1397 4925 1474 4999; x_wconf 92' lang='lat' dir='ltr'><strong>quod</strong></span> <span class='ocrx_word' id='word_1_693' title='bbox 1497 4925 1538 4981; x_wconf 91' lang='lat' dir='ltr'><strong>sic</strong></span> <span class='ocrx_word' id='word_1_694' title='bbox 1562 4927 1786 5001; x_wconf 87' lang='lat' dir='ltr'><strong>intelligendum</strong></span> <span class='ocrx_word' id='word_1_695' title='bbox 1806 4927 1855 4999; x_wconf 87' lang='lat' dir='ltr'><strong>sit,</strong></span> 
     </span>
     <span class='ocr_line' id='line_1_54' title="bbox 156 5012 1856 5090; baseline 0 -17"><span class='ocrx_word' id='word_1_696' title='bbox 156 5020 214 5074; x_wconf 91' lang='lat' dir='ltr'><strong>tur.</strong></span> <span class='ocrx_word' id='word_1_697' title='bbox 226 5018 288 5084; x_wconf 81' lang='lat' dir='ltr'><strong>Quo</strong></span> <span class='ocrx_word' id='word_1_698' title='bbox 298 5016 362 5090; x_wconf 87' lang='lat' dir='ltr'><strong>ipae</strong></span> <span class='ocrx_word' id='word_1_699' title='bbox 373 5019 401 5072; x_wconf 90' lang='lat' dir='ltr'><strong>ei</strong></span> <span class='ocrx_word' id='word_1_700' title='bbox 411 5014 584 5088; x_wconf 87' lang='lat' dir='ltr'><strong>regulariter</strong></span> <span class='ocrx_word' id='word_1_701' title='bbox 592 5022 777 5082; x_wconf 86' lang='lat' dir='ltr'><strong>convocatus,</strong></span> <span class='ocrx_word' id='word_1_702' title='bbox 787 5017 812 5072; x_wconf 90' lang='lat' dir='ltr'><strong>si</strong></span> <span class='ocrx_word' id='word_1_703' title='bbox 820 5033 888 5073; x_wconf 91' lang='lat' dir='ltr'><strong>eum</strong></span> <span class='ocrx_word' id='word_1_704' title='bbox 897 5018 978 5074; x_wconf 83' lang='lat' dir='ltr'><strong>intir-</strong></span> <span class='ocrx_word' id='word_1_705' title='bbox 1033 5032 1133 5072; x_wconf 87' lang='lat' dir='ltr'><strong>revera</strong></span> <span class='ocrx_word' id='word_1_706' title='bbox 1144 5031 1201 5071; x_wconf 90' lang='lat' dir='ltr'><strong>non</strong></span> <span class='ocrx_word' id='word_1_707' title='bbox 1218 5018 1306 5087; x_wconf 87' lang='lat' dir='ltr'><strong>patet.</strong></span> <span class='ocrx_word' id='word_1_708' title='bbox 1323 5012 1414 5071; x_wconf 87' lang='lat' dir='ltr'><strong>Plane</strong></span> <span class='ocrx_word' id='word_1_709' title='bbox 1427 5013 1505 5069; x_wconf 89' lang='lat' dir='ltr'><strong>enim</strong></span> <span class='ocrx_word' id='word_1_710' title='bbox 1516 5032 1534 5070; x_wconf 92' lang='lat' dir='ltr'><strong>a</strong></span> <span class='ocrx_word' id='word_1_711' title='bbox 1547 5016 1696 5087; x_wconf 70' lang='lat' dir='ltr'><strong>predictis</strong></span> <span class='ocrx_word' id='word_1_712' title='bbox 1709 5015 1856 5088; x_wconf 89' lang='lat' dir='ltr'><strong>episcopis</strong></span> 
     </span>
     <span class='ocr_line' id='line_1_55' title="bbox 157 5104 1855 5178; baseline 0.001 -18"><span class='ocrx_word' id='word_1_713' title='bbox 157 5106 255 5176; x_wconf 89' lang='lat' dir='ltr'><strong>mitae,</strong></span> <span class='ocrx_word' id='word_1_714' title='bbox 272 5104 396 5162; x_wconf 88' lang='lat' dir='ltr'><strong>actalia</strong></span> <span class='ocrx_word' id='word_1_715' title='bbox 419 5104 516 5178; x_wconf 74' lang='lat' dir='ltr'><strong>graus</strong></span> <span class='ocrx_word' id='word_1_716' title='bbox 539 5105 697 5161; x_wconf 87' lang='lat' dir='ltr'><strong>necessitas</strong></span> <span class='ocrx_word' id='word_1_717' title='bbox 726 5121 784 5160; x_wconf 91' lang='lat' dir='ltr'><strong>non</strong></span> <span class='ocrx_word' id='word_1_718' title='bbox 810 5105 978 5177; x_wconf 86' lang='lat' dir='ltr'><strong>detinuerit,</strong></span> <span class='ocrx_word' id='word_1_719' title='bbox 1033 5104 1187 5178; x_wconf 76' lang='lat' dir='ltr'><strong>predictos</strong></span> <span class='ocrx_word' id='word_1_720' title='bbox 1198 5104 1676 5177; x_wconf 88' lang='lat' dir='ltr'><strong>pontiilccspurgatosaccipimus,</strong></span> <span class='ocrx_word' id='word_1_721' title='bbox 1685 5104 1710 5160; x_wconf 91' lang='lat' dir='ltr'><strong>si</strong></span> <span class='ocrx_word' id='word_1_722' title='bbox 1722 5105 1855 5176; x_wconf 87' lang='lat' dir='ltr'><strong>ipsorum</strong></span> 
     </span>
     <span class='ocr_line' id='line_1_56' title="bbox 155 5192 1856 5268; baseline 0.001 -18"><span class='ocrx_word' id='word_1_723' title='bbox 155 5193 258 5250; x_wconf 88' lang='lat' dir='ltr'><strong>adesse</strong></span> <span class='ocrx_word' id='word_1_724' title='bbox 273 5194 405 5262; x_wconf 88' lang='lat' dir='ltr'><strong>debebit;</strong></span> <span class='ocrx_word' id='word_1_725' title='bbox 422 5193 470 5263; x_wconf 86' lang='lat' dir='ltr'><strong>qui</strong></span> <span class='ocrx_word' id='word_1_726' title='bbox 482 5192 559 5249; x_wconf 89' lang='lat' dir='ltr'><strong>ultra</strong></span> <span class='ocrx_word' id='word_1_727' title='bbox 573 5192 727 5265; x_wconf 81' lang='lat' dir='ltr'><strong>provincia</strong></span> <span class='ocrx_word' id='word_1_728' title='bbox 742 5193 884 5250; x_wconf 90' lang='lat' dir='ltr'><strong>terminos</strong></span> <span class='ocrx_word' id='word_1_729' title='bbox 896 5211 981 5251; x_wconf 89' lang='lat' dir='ltr'><strong>accu-</strong></span> <span class='ocrx_word' id='word_1_730' title='bbox 1033 5193 1856 5268; x_wconf 82' lang='lat' dir='ltr'><strong>suggestione,propriatautummodosatisiactioncipsis</strong></span> 
     </span>
     <span class='ocr_line' id='line_1_57' title="bbox 156 5280 1856 5354; baseline -0.001 -13"><span class='ocrx_word' id='word_1_731' title='bbox 156 5282 240 5341; x_wconf 77' lang='lat' dir='ltr'><strong>randi</strong></span> <span class='ocrx_word' id='word_1_732' title='bbox 257 5287 324 5338; x_wconf 87' lang='lat' dir='ltr'><strong>ante</strong></span> <span class='ocrx_word' id='word_1_733' title='bbox 339 5282 456 5338; x_wconf 89' lang='lat' dir='ltr'><strong>licentia</strong></span> <span class='ocrx_word' id='word_1_734' title='bbox 473 5297 532 5336; x_wconf 90' lang='lat' dir='ltr'><strong>non</strong></span> <span class='ocrx_word' id='word_1_735' title='bbox 556 5284 612 5349; x_wconf 86' lang='lat' dir='ltr'><strong>est,</strong></span> <span class='ocrx_word' id='word_1_736' title='bbox 627 5296 716 5351; x_wconf 88' lang='lat' dir='ltr'><strong>quam</strong></span> <span class='ocrx_word' id='word_1_737' title='bbox 732 5280 881 5337; x_wconf 88' lang='lat' dir='ltr'><strong>audientia</strong></span> <span class='ocrx_word' id='word_1_738' title='bbox 895 5298 979 5354; x_wconf 89' lang='lat' dir='ltr'><strong>roge·</strong></span> <span class='ocrx_word' id='word_1_739' title='bbox 1033 5283 1121 5339; x_wconf 86' lang='lat' dir='ltr'><strong>etiam</strong></span> <span class='ocrx_word' id='word_1_740' title='bbox 1136 5283 1311 5349; x_wconf 85' lang='lat' dir='ltr'><strong>laventibus,</strong></span> <span class='ocrx_word' id='word_1_741' title='bbox 1335 5298 1385 5339; x_wconf 89' lang='lat' dir='ltr'><strong>eos</strong></span> <span class='ocrx_word' id='word_1_742' title='bbox 1405 5282 1517 5339; x_wconf 91' lang='lat' dir='ltr'><strong>alienos</strong></span> <span class='ocrx_word' id='word_1_743' title='bbox 1541 5298 1558 5337; x_wconf 91' lang='lat' dir='ltr'><strong>a</strong></span> <span class='ocrx_word' id='word_1_744' title='bbox 1576 5281 1750 5338; x_wconf 89' lang='lat' dir='ltr'><strong>criminibus</strong></span> <span class='ocrx_word' id='word_1_745' title='bbox 1764 5282 1856 5340; x_wconf 84' lang='lat' dir='ltr'><strong>luisse</strong></span> 
     </span>
     <span class='ocr_line' id='line_1_58' title="bbox 154 5368 1855 5443; baseline 0.001 -17"><span class='ocrx_word' id='word_1_746' title='bbox 154 5373 212 5426; x_wconf 86' lang='lat' dir='ltr'><strong>tur.</strong></span> <span class='ocrx_word' id='word_1_747' title='bbox 231 5392 245 5420; x_wconf 89' lang='lat'>»</span> <span class='ocrx_word' id='word_1_748' title='bbox 263 5372 333 5426; x_wconf 77' lang='lat' dir='ltr'><strong>itero</strong></span> <span class='ocrx_word' id='word_1_749' title='bbox 347 5371 437 5426; x_wconf 84' lang='lat' dir='ltr'><strong>Gaius</strong></span> <span class='ocrx_word' id='word_1_750' title='bbox 451 5371 540 5442; x_wconf 82' lang='lat' dir='ltr'><strong>(epist.</strong></span> <span class='ocrx_word' id='word_1_751' title='bbox 567 5368 681 5439; x_wconf 74' lang='lat' dir='ltr'><strong>unicui:</strong></span> <span class='ocrx_word' id='word_1_752' title='bbox 700 5391 715 5418; x_wconf 91' lang='lat'>«</span> <span class='ocrx_word' id='word_1_753' title='bbox 739 5369 830 5425; x_wconf 89' lang='lat' dir='ltr'><strong>Nemo</strong></span> <span class='ocrx_word' id='word_1_754' title='bbox 846 5386 978 5442; x_wconf 89' lang='lat' dir='ltr'><strong>unquam</strong></span> <span class='ocrx_word' id='word_1_755' title='bbox 1032 5371 1183 5427; x_wconf 73' lang='lat' dir='ltr'><strong>firmatum</strong></span> <span class='ocrx_word' id='word_1_756' title='bbox 1198 5374 1253 5428; x_wconf 88' lang='lat' dir='ltr'><strong>est.</strong></span> <span class='ocrx_word' id='word_1_757' title='bbox 1269 5370 1325 5427; x_wconf 85' lang='lat' dir='ltr'><strong>Sed</strong></span> <span class='ocrx_word' id='word_1_758' title='bbox 1341 5370 1365 5427; x_wconf 92' lang='lat' dir='ltr'><strong>si</strong></span> <span class='ocrx_word' id='word_1_759' title='bbox 1386 5387 1438 5443; x_wconf 94' lang='lat' dir='ltr'><strong>pro</strong></span> <span class='ocrx_word' id='word_1_760' title='bbox 1455 5369 1579 5440; x_wconf 88' lang='lat' dir='ltr'><strong>aiicujus</strong></span> <span class='ocrx_word' id='word_1_761' title='bbox 1590 5369 1664 5440; x_wconf 83' lang='lat' dir='ltr'><strong>justi</strong></span> <span class='ocrx_word' id='word_1_762' title='bbox 1688 5370 1855 5427; x_wconf 88' lang='lat' dir='ltr'><strong>innocentia</strong></span> 
     </span>
     <span class='ocr_line' id='line_1_59' title="bbox 153 5456 1855 5534; baseline 0.001 -18"><span class='ocrx_word' id='word_1_763' title='bbox 153 5460 322 5531; x_wconf 86' lang='lat' dir='ltr'><strong>episcopum</strong></span> <span class='ocrx_word' id='word_1_764' title='bbox 334 5460 411 5531; x_wconf 92' lang='lat' dir='ltr'><strong>apud</strong></span> <span class='ocrx_word' id='word_1_765' title='bbox 424 5460 541 5531; x_wconf 76' lang='lat' dir='ltr'><strong>yudices</strong></span> <span class='ocrx_word' id='word_1_766' title='bbox 549 5456 759 5513; x_wconf 83' lang='lat' dir='ltr'><strong>saecularesaut</strong></span> <span class='ocrx_word' id='word_1_767' title='bbox 768 5457 841 5514; x_wconf 91' lang='lat' dir='ltr'><strong>alios</strong></span> <span class='ocrx_word' id='word_1_768' title='bbox 853 5457 979 5516; x_wconf 92' lang='lat' dir='ltr'><strong>ciuriccs</strong></span> <span class='ocrx_word' id='word_1_769' title='bbox 1032 5460 1119 5518; x_wconf 82' lang='lat' dir='ltr'><strong>alicui</strong></span> <span class='ocrx_word' id='word_1_770' title='bbox 1130 5460 1240 5534; x_wconf 88' lang='lat' dir='ltr'><strong>placuit</strong></span> <span class='ocrx_word' id='word_1_771' title='bbox 1246 5464 1462 5517; x_wconf 88' lang='lat' dir='ltr'><strong>sacramentum</strong></span> <span class='ocrx_word' id='word_1_772' title='bbox 1472 5458 1600 5531; x_wconf 80' lang='lat' dir='ltr'><strong>prebere</strong></span> <span class='ocrx_word' id='word_1_773' title='bbox 1609 5458 1855 5518; x_wconf 75' lang='lat' dir='ltr'><strong>obediatiscausa</strong></span> 
     </span>
     <span class='ocr_line' id='line_1_60' title="bbox 155 5546 1854 5622; baseline 0.001 -18"><span class='ocrx_word' id='word_1_774' title='bbox 155 5564 291 5606; x_wconf 89' lang='lat' dir='ltr'><strong>accusare</strong></span> <span class='ocrx_word' id='word_1_775' title='bbox 306 5552 474 5621; x_wconf 84' lang='lat' dir='ltr'><strong>praesumat.</strong></span> <span class='ocrx_word' id='word_1_776' title='bbox 492 5570 505 5597; x_wconf 74' lang='lat' dir='ltr'><strong>n</strong></span> <span class='ocrx_word' id='word_1_777' title='bbox 521 5546 701 5621; x_wconf 83' lang='lat' dir='ltr'><strong>zephyrinus</strong></span> <span class='ocrx_word' id='word_1_778' title='bbox 715 5548 805 5618; x_wconf 81' lang='lat' dir='ltr'><strong>(epist.</strong></span> <span class='ocrx_word' id='word_1_779' title='bbox 818 5548 862 5618; x_wconf 78' lang='lat' dir='ltr'><strong>ii:</strong></span> <span class='ocrx_word' id='word_1_780' title='bbox 882 5567 894 5597; x_wconf 77' lang='grc' dir='ltr'>ι</span> <span class='ocrx_word' id='word_1_781' title='bbox 910 5547 979 5608; x_wconf 83' lang='lat' dir='ltr'><strong>liul-</strong></span> <span class='ocrx_word' id='word_1_782' title='bbox 1032 5554 1065 5606; x_wconf 88' lang='lat' dir='ltr'><strong>ut</strong></span> <span class='ocrx_word' id='word_1_783' title='bbox 1080 5565 1146 5608; x_wconf 89' lang='lat' dir='ltr'><strong>eum</strong></span> <span class='ocrx_word' id='word_1_784' title='bbox 1159 5549 1204 5607; x_wconf 91' lang='lat' dir='ltr'><strong>vei</strong></span> <span class='ocrx_word' id='word_1_785' title='bbox 1214 5549 1256 5607; x_wconf 91' lang='lat' dir='ltr'><strong>sic</strong></span> <span class='ocrx_word' id='word_1_786' title='bbox 1266 5566 1285 5605; x_wconf 89' lang='lat' dir='ltr'><strong>a</strong></span> <span class='ocrx_word' id='word_1_787' title='bbox 1294 5546 1541 5622; x_wconf 83' lang='lat' dir='ltr'><strong>persequentibus</strong></span> <span class='ocrx_word' id='word_1_788' title='bbox 1550 5547 1696 5618; x_wconf 87' lang='lat' dir='ltr'><strong>liberaret,</strong></span> <span class='ocrx_word' id='word_1_789' title='bbox 1709 5549 1854 5606; x_wconf 89' lang='lat' dir='ltr'><strong>emnimc·</strong></span> 
     </span>
    </p>
   </div>
   <div class='ocr_carea' id='block_1_6' title="bbox 0 0 1958 6096">
    <p class='ocr_par' dir='ltr' id='par_1_8' title="bbox 0 0 1958 6096">
     <span class='ocr_line' id='line_1_61' title="bbox 0 0 1958 6096; baseline 0 0"><span class='ocrx_word' id='word_1_790' title='bbox 0 0 1958 6096; x_wconf 95' lang='lat' dir='ltr'><strong> </strong></span> 
     </span>
    </p>
   </div>
  </div>
 </body>
</html>
