3908 6096
116 288 178 352 tot
918 278 1023 348 illl.
1783 292 1823 355 aa

118 421 264 491 homines,
285 423 314 477 et
337 419 407 495 quia
431 419 594 478 obedientia
617 420 675 477 Deo
685 421 719 457 ⁸³⁸
734 419 830 492 placet
857 435 946 491 super
960 418 988 487 A
1002 418 1127 476 lirmata.
1138 421 1280 479 Etrevera
1291 422 1429 500 tribubus
1444 428 1472 481 et
1486 423 1595 497 linguis
1609 424 1826 500 innotuit,quia

117 511 308 580 secrilloium,
325 511 434 567 scireut
457 511 590 577 sortasse,
606 528 673 566 oves
697 527 795 566 vocem
819 509 945 581 pastoris
1000 512 1075 564 Deus
1086 510 1279 568 dissensionis
1291 529 1347 568 uon
1363 519 1417 579 est,
1429 514 1480 569 sed
1495 515 1576 586 pacis
1589 514 1823 588 (lCor.x1v,33);
1908 551 1910 556 -

121 601 223 658 audire
238 601 353 670 debere,
369 605 398 656 et
412 600 507 673 magis
521 600 551 654 id
566 600 601 635 *θ*
615 603 712 655 ratum
734 602 945 670 acceptumque
999 601 1112 653 tantam
1125 599 1159 634 *ω
1174 599 1263 672 hujus
1279 601 1362 657 initio
1374 607 1510 674 operatus
1520 608 1565 658 est
1577 603 1702 659 salutem
1718 605 1825 676 populo

120 690 179 748 Deo
203 689 274 761 fore,
300 690 377 756 quod
392 689 427 724 “⁰
449 704 501 760 per
524 688 730 755 obedientiam,
754 704 842 760 quam
867 687 944 757 quod
999 703 1063 742 suo.
1077 687 1262 760 Imperatoris
1272 690 1390 762 quidem
1402 690 1523 763 spiritus
1534 691 1738 764 agitabaturic
1748 692 1825 765 ipso,

120 795 172 852 per
202 778 349 852 propriam
373 776 553 833 volontatem
582 782 756 848 sequuntur.
781 778 831 833 Ubi
854 785 947 830 cutem

119 867 195 922 tetras
219 869 247 921 et
268 866 414 930 contentio,
440 867 481 920 ait
503 866 631 920 lacobus
651 863 813 936 apostolus,
839 867 880 919 ibi
902 866 946 918 io·

119 957 275 1012 constantio
295 957 321 1010 et
340 970 419 1011 omne
432 970 498 1025 opus
513 956 671 1025 prooom⁸⁴¹
688 955 756 1024 (icc.
773 971 814 1022 ru,
831 955 885 1021 lo).
902 953 946 1006 Si·

120 1043 230 1100 militer
253 1044 283 1098 in
309 1060 352 1109 eo,
370 1045 446 1115 quod
472 1043 598 1100 nefarios
624 1045 767 1115 quosdam
792 1040 946 1114 patriani-

119 1133 260 1205 viumque
274 1133 426 1204 predones
446 1132 481 1188 de
501 1150 600 1205 regno,
617 1133 666 1189 ubi
683 1133 773 1205 quieti
789 1137 818 1186 et
832 1127 948 1202 pacillci

119 1239 185 1280 esse
200 1221 368 1289 noluerunt,
386 1223 470 1295 quasi
494 1226 608 1294 pestem
624 1222 768 1278 bonorum
796 1219 907 1292 expulit
921 1223 950 1274 et

119 1311 246 1369 exsulari
261 1311 365 1382 coegit,
392 1311 474 1381 ipsis.
501 1312 568 1366 licet
592 1311 803 1376 nescientibus,
825 1309 950 1379 prolecto

119 1399 280 1457 consuluit.
297 1399 358 1464 Ouo
385 1398 463 1455 enim
488 1400 656 1456 diuturnior
681 1415 819 1470 nequam,
835 1415 869 1454 eo
885 1412 950 1470 grs-

117 1490 229 1545 viorem
253 1493 281 1545 et
306 1486 492 1561 prolixiorem
519 1489 576 1544 sibi
604 1489 795 1561 comparabat
820 1501 949 1560 poenam.

123 1578 245 1644 Quando
261 1580 358 1633 autern
373 1575 442 1631 boni
458 1576 652 1646 quiescerent,
664 1576 688 1631 si
699 1575 845 1631 malorum
860 1573 951 1630 furori

124 1682 211 1721 nemo
227 1662 395 1721 resisteret?
411 1664 555 1720 Nimirum
571 1665 701 1736 pepercit
715 1664 775 1719 illis
790 1665 877 1728 Deus,
892 1662 954 1735 qui·

1000 777 1142 846 quianon
1167 783 1228 833 erat
1243 778 1268 832 ei
1288 786 1406 852 tempus
1428 781 1585 836 exercitum
1610 784 1825 854 congregandi3

1001 865 1052 919 sed
1070 864 1206 920 fiduciam
1232 866 1334 922 habuit
1357 884 1408 939 per
1422 869 1570 924 Christum
1596 871 1631 924 ad
1654 870 1758 940 Deum,
1775 873 1824 944 qui

1003 957 1105 1024 potens
1121 957 1165 1008 est
1181 954 1292 1009 salvare
1308 955 1335 1010 in
1354 957 1454 1028 paucis
1471 958 1547 1012 sicut
1560 959 1588 1011 in
1607 959 1707 1014 multis
1722 962 1745 1030 (l
1760 962 1825 1031 llep.

1002 1058 1059 1108 xrv,
1071 1042 1109 1112 ti).
1128 1043 1235 1097 Aderat
1255 1043 1294 1097 ibi
1314 1045 1423 1116 Guono,
1440 1062 1497 1100 non
1509 1047 1571 1117 jam
1588 1047 1647 1102 dux
1663 1050 1713 1104 sed
1731 1049 1827 1117 miles,

1004 1133 1074 1198 toto,
1093 1135 1124 1185 ut
1148 1132 1316 1203 putabatur,
1341 1135 1438 1189 animo
1463 1151 1621 1191 conversus
1651 1137 1685 1191 ad
1714 1153 1827 1210 paoem,

1005 1233 1093 1289 quam
1123 1218 1209 1290 paulo
1238 1226 1304 1274 ente
1333 1223 1468 1278 atrociter
1496 1224 1703 1296 impugnabal;
1735 1225 1830 1284 oilioio

1005 1307 1139 1362 membra
1153 1308 1287 1376 domans,
1306 1311 1395 1364 iteum
1415 1311 1584 1382 gemitibus,
1600 1317 1632 1368 ot
1647 1314 1747 1382 fertur,
1764 1332 1830 1372 exo·

1005 1410 1085 1462 rans,
1103 1402 1135 1450 ut
1149 1397 1174 1451 si
1190 1397 1232 1452 sio
1253 1398 1316 1468 ejus
1335 1403 1438 1454 sancta
1452 1398 1587 1455 voluntas
1603 1402 1748 1469 existeret,
1765 1421 1829 1476 per·

1007 1483 1100 1539 missa
1115 1486 1175 1558 rogi
1190 1490 1291 1541 nostro
1316 1492 1344 1541 et
1366 1488 1504 1543 exercitui
1529 1489 1592 1559 ejus
1615 1492 1745 1561 victoria,
1763 1503 1829 1550 cum

1008 1573 1044 1628 ab
1060 1573 1169 1645 impiis,
1186 1574 1294 1645 quibus
1309 1575 1437 1647 seprius
1460 1577 1535 1632 male
1550 1580 1750 1651 conjunxerat,
1766 1599 1831 1654 per·

1008 1662 1136 1717 mitteret
1151 1663 1302 1730 trucidari,
1323 1669 1356 1718 ut
1379 1665 1471 1733 possit
1484 1664 1513 1718 in
1529 1671 1703 1737 perpetuum
1729 1671 1764 1726 ab
1782 1687 1833 1726 eo·

124 1755 182 1810 bus
199 1754 253 1810 hoo
269 1769 376 1827 magua
391 1770 446 1809 sua
461 1753 602 1826 patientia
616 1759 646 1809 et
661 1753 790 1809 bonitate
807 1751 950 1824 permisit,
966 1780 991 1847 B
1008 1766 1073 1806 rum
1089 1751 1236 1807 consortio
1255 1751 1383 1807 liberari.
1399 1752 1561 1824 Imperator
1576 1755 1665 1810 indici
1680 1759 1777 1814 sanxit
1786 1761 1834 1831 je·

123 1849 158 1900 ot
173 1845 208 1898 de
222 1858 292 1915 pace
307 1848 336 1899 et
350 1847 428 1899 matu
444 1842 544 1914 patrie
569 1859 628 1898 sure
653 1843 789 1898 absentes
803 1842 948 1906 audirent,

124 1932 203 2004 quod
224 1935 381 2004 presentes
406 1946 560 2003 nunquam
584 1931 682 1987 videre
703 1929 823 1999 sellent3
840 1930 949 2000 lolioes,

124 2021 150 2077 si
166 2021 243 2077 bona
258 2036 312 2076 sua
326 2019 429 2076 sallem
448 2020 479 2075 in
500 2019 738 2092 perognioatione
753 2019 948 2092 cognoverint,

125 2115 155 2167 et
178 2109 301 2180 patriam
326 2109 469 2181 cupierint
479 2110 514 2143 “²
530 2109 565 2164 de
590 2126 648 2180 qua
673 2107 776 2179 expelli
801 2125 857 2163 non
884 2125 950 2181 pos·

126 2203 202 2268 sent,
218 2199 267 2252 ubi
288 2197 365 2253 beati
390 2214 492 2253 omnes
517 2197 640 2271 pacifici,
657 2198 794 2268 quoniam
819 2196 871 2252 filii
900 2197 950 2253 Dei

127 2293 197 2345 aunt
210 2288 314 2343 vocati.
327 2286 405 2343 Talis
418 2287 516 2358 itaque
532 2304 583 2359 per
593 2287 644 2342 Dei
661 2287 870 2359 omnipotentis
885 2304 951 2359 gra·

127 2377 199 2432 tiam
215 2375 328 2430 viriste
343 2374 408 2443 luit,
424 2380 457 2431 ut
481 2393 533 2432 nec
548 2375 613 2431 odio
630 2393 681 2432 nec
697 2376 806 2431 invidia
829 2377 864 2431 ad
889 2392 952 2448 per·

129 2464 313 2537 sequendum
329 2480 379 2519 eos
403 2465 453 2535 qui
470 2462 544 2521 tales
558 2468 641 2520 erant
664 2463 722 2520 ullo
746 2466 832 2520 modo
846 2466 952 2521 excita-

129 2560 220 2623 retur,
238 2570 290 2609 uec
305 2571 323 2608 a
338 2552 503 2609 miserendo
527 2558 579 2610 aut
602 2554 745 2626 parcendo
761 2553 876 2610 miseris
900 2555 953 2609 du·

1003 1840 1122 1910 Junium
1139 1839 1213 1912 ipsa,
1230 1857 1293 1911 quc
1310 1846 1379 1896 tunc
1401 1846 1473 1908 erat,
1489 1843 1519 1896 in
1535 1841 1636 1916 vigilia
1649 1847 1742 1902 sancti
1760 1849 1834 1904 Lao-

1003 1929 1089 1983 rentii
1107 1930 1254 2002 martyris,
1271 1945 1322 2001 per
1342 1931 1427 2000 cujus
1451 1931 1647 1988 interventum
1665 1935 1719 1989 sibi
1737 1952 1831 2009 popu·

1005 2016 1092 2089 loque
1114 2033 1167 2072 suo
1197 2018 1293 2089 ipsum
1310 2018 1401 2074 Deum
1419 2019 1551 2090 poposcit
1578 2038 1641 2077 esse
1671 2025 1830 2097 retugium.

1006 2106 1189 2177 Propositum
1204 2109 1331 2179 suscepti
1344 2108 1439 2178 operis
1451 2113 1547 2181 negat,
1559 2111 1694 2182 expedire
1709 2112 1829 2185 bellom,

1007 2194 1100 2266 primo
1116 2200 1223 2251 sancta
1239 2196 1404 2252 festivitatis
1426 2197 1556 2253 diluculo
1577 2206 1758 2272 susceptum,
1772 2204 1834 2259 vix·

1006 2283 1076 2338 dum
1090 2285 1257 2355 vespertino
1272 2285 1455 2358 crepusculo,
1473 2291 1529 2341 Deo
1548 2289 1776 2346 misericorditer
1791 2293 1838 2350 di.

1007 2376 1165 2443 sponsante
1179 2378 1208 2428 et
1223 2370 1273 2444 pro
1290 2373 1351 2429 suis
1376 2378 1534 2446 pugnante,
1551 2375 1623 2431 satis
1647 2376 1771 2433 feliciter
1786 2394 1837 2450 ps*-

1009 2464 1134 2527 raotum,
1160 2448 1405 2517 miserendumffl
1425 2466 1492 2534 post
1515 2463 1666 2520 victoriam
1690 2467 1837 2524 cuononis

998 2535 1176 2616 interitum,
1185 2548 1431 2621 gloriosissimum
1444 2551 1629 2623 imperatoris
1642 2554 1838 2628 triumphum,

131 2642 200 2698 ritis
215 2647 267 2698 aut
289 2640 460 2698 crudelitate
484 2641 583 2714 aliqua
608 2642 841 2715 restringeretur,
858 2644 906 2699 sed
923 2651 956 2697 ut
1010 2654 1107 2710 regem
1119 2638 1215 2708 ipsum
1230 2639 1431 2705 barbarorum,
1444 2640 1571 2696 duceset
1586 2642 1733 2714 prinoipes
1747 2646 1839 2717 capti·

133 2736 233 2803 pastor
256 2728 521 2787 sollicitusetvere
547 2731 605 2786 dux
630 2730 731 2804 populi
755 2731 806 2786 Dei
831 2732 955 2786 salutem
1010 2746 1071 2795 vos,
1091 2733 1200 2800 tropas
1226 2744 1276 2799 per
1299 2732 1389 2782 totam
1420 2728 1501 2799 regni
1532 2729 1626 2801 ipsius
1652 2730 1838 2789 latitudinem
1882 2740 1892 2762 ⁹

132 2818 265 2875 omnium
281 2824 308 2874 et
323 2818 479 2874 utilitatem
494 2819 524 2873 iu
540 2818 619 2875 omni
635 2819 769 2891 quesivit
783 2822 912 2890 negotio;
929 2823 958 2875 et
1012 2835 1106 2891 usque
1121 2818 1156 2873 ad
1169 2817 1299 2887 ejusdem
1310 2817 1406 2887 gentis
1417 2819 1490 2873 sines
1506 2817 1759 2889 frequentissima:
1772 2839 1837 2894 quae

132 2925 205 2980 quos
220 2907 327 2980 ipsein
343 2907 451 2963 viaDei
467 2907 958 2981 duxitetdoouit,neaperversis
1013 2907 1113 2964 omnia
1136 2905 1245 2977 proprii
1274 2903 1450 2959 industriam
1481 2907 1577 2976 operis
1605 2907 1640 2961 ad
1669 2907 1838 2980 gloriamet

132 2997 342 3053 seducerentur
361 2999 389 3051 et
414 2996 444 3051 ia
468 3012 595 3052 errorem
622 2996 816 3064 mitterentur,
841 3002 958 3052 strenue
1013 2996 1130 3052 laudem
1146 2992 1197 3049 Dei
1212 2993 1423 3062 omnipotentis
1438 2996 1659 3065 exspectaotffl.

133 3084 300 3140 decertavit.
319 3084 446 3139 Tantum
462 3088 561 3140 autem
577 3085 678 3140 aberat
692 3102 709 3140 a
724 3084 843 3153 sevitia,
860 3088 892 3140 ut
908 3101 959 3157 pro
1049 3085 1094 3139 36.
1111 3074 1225 3146 Nos'ut,
1243 3098 1332 3154 aquo
1351 3079 1504 3153 paululum
1520 3083 1701 3154 defleximus,
1718 3089 1754 3144 ad
1771 3106 1839 3162 pro·

134 3172 182 3229 bis
201 3173 302 3240 etiam,
317 3172 425 3244 quibus
448 3188 582 3228 amarum
606 3170 716 3246 aliquid
741 3190 793 3245 pro
820 3141 996 3245 qualitateC
1016 3171 1395 3246 positumredeomus,quid
1407 3170 1840 3251 intereapiusorobiepisoopus

134 3261 279 3318 laetorum
289 3260 453 3318 necessario
464 3260 681 3334 interebat,ipse
690 3263 855 3335 frequenter
863 3277 961 3317 omaro
1014 3263 1123 3329 Bruno,
1139 3260 1229 3317 totius
1252 3275 1368 3331 semper
1383 3275 1505 3331 perosus
1529 3261 1646 3331 malitia
1661 3267 1689 3319 et
1704 3265 1839 3323 inrlelatib

135 3351 233 3420 fieret;
249 3349 290 3406 ita
305 3351 432 3423 gaudere
447 3366 512 3404 oum
525 3350 733 3423 gaudentibus,
745 3367 812 3406 cum
824 3350 961 3406 [lentibus

136 3439 205 3496 llere
217 3439 377 3495 consuevit.
393 3438 467 3494 Nam
493 3444 522 3494 et
545 3440 596 3510 qui
621 3440 676 3495 hoo
700 3439 781 3508 dixit,
805 3441 961 3512 quemdam

136 3529 250 3586 Satanae
269 3529 299 3585 in
322 3527 475 3584 interitum
495 3528 591 3584 carnis
607 3530 719 3585 tradere
739 3528 839 3600 jussit,
855 3534 887 3584 ut
901 3528 962 3601 spi·

140 3617 216 3673 ritus
230 3618 261 3672 in
277 3616 324 3673 die
340 3615 453 3672 ttomini
469 3615 565 3672 solvus
580 3633 644 3672 esse
659 3616 753 3689 possit
763 3617 807 3672 ⁸⁸³.

175 3706 306 3778 35.(955)
322 3706 415 3780 lgitur
443 3722 510 3762 cum
536 3707 598 3777 jam
628 3723 717 3778 prope
744 3710 821 3763 esset
849 3723 966 3762 summa

137 3795 200 3852 dies
215 3801 243 3851 et
256 3793 439 3851 inelectabile
461 3799 588 3865 tempus,
600 3811 657 3866 quo
673 3795 750 3851 Deus
767 3795 964 3868 omnipotens,

134 3881 283 3956 ‘propitius
304 3886 397 3946 terra,
415 3881 514 3954 populi
531 3882 576 3937 sui
598 3882 679 3938 ultus
702 3883 887 3956 sanguinem,
904 3901 965 3941 ser-

134 3986 239 4028 vorum
254 3987 376 4027 suorum
390 3971 549 4026 vindictam
566 3971 741 4027 retribueret
755 3973 785 4027 in
801 3973 902 4031 hostes
917 3992 965 4033 eo·

137 4077 214 4127 rum,
240 4059 508 4133 aggravata“⁸est
531 4057 609 4116 ultra
639 4061 759 4117 modum
788 4066 817 4117 et
846 4065 966 4122 omnino

1015 3356 1102 3424 gatus
1113 3348 1234 3421 justitia
1255 3353 1418 3414 exsecutor,
1436 3349 1542 3417 lecerit,
1559 3350 1751 3411 disseramus.
1767 3360 1840 3412 Cum

1015 3440 1126 3496 videret
1136 3455 1167 3494 se
1179 3438 1214 3493 ad
1232 3437 1426 3508 prestitutum
1442 3437 1518 3493 diem
1535 3440 1641 3496 seniori
1653 3446 1682 3497 et
1696 3443 1776 3500 fratri
1787 3461 1841 3501 suo

1018 3545 1124 3601 magno
1133 3526 1301 3599 imperatori
1310 3542 1376 3582 cum
1386 3525 1575 3584 auxiliaribus
1583 3531 1676 3602 copiis
1687 3548 1744 3588 non
1756 3547 1844 3606 posse

1018 3632 1179 3682 occurrere,
1210 3613 1358 3687 simulque
1386 3616 1508 3671 esset⁸³³
1531 3616 1684 3690 sollicitus,
1704 3637 1741 3676 ne
1769 3622 1845 3680 torte

1019 3706 1134 3764 barbari
1151 3703 1259 3760 bellum
1274 3705 1400 3760 vitantes
1419 3704 1449 3759 in
1465 3705 1588 3760 Galliam
1611 3722 1664 3764 suo
1684 3710 1744 3780 juri
1761 3726 1845 3768 oom-

1020 3797 1142 3853 missam
1167 3792 1346 3865 provinciam
1372 3792 1778 3864 declinarent—arbitratus
1803 3801 1846 3856 sle

1021 3903 1052 3944 se
1068 3900 1156 3956 regno
1179 3879 1331 3937 consulere
1352 3879 1484 3952 votisque
1507 3882 1695 3954 imperatoris
1717 3887 1759 3942 sio
1783 3902 1849 3944 sm·

1021 3974 1099 4048 plius
1123 3970 1267 4028 deservire
1282 4001 1316 4009 —
1332 3968 1498 4025 Lindollum
1523 3973 1632 4042 prolem
1659 3975 1780 4047 regiam,
1796 3990 1848 4032 ue·

1022 4068 1118 4137 potem
1133 4077 1232 4124 suum,
1243 4059 1387 4127 convenit,
1402 4074 1512 4131 agrum
1535 4060 1598 4131 ejus
1614 4061 1746 4119 animum
1762 4064 1846 4120 blau·

137 4147 359 4208 intolerabiliter
379 4147 517 4220 superbia
533 4147 719 4205 ferocissima
743 4152 840 4223 gentis
855 4151 968 4226 Ungro·

138 4252 217 4304 rum,
230 4237 360 4308 seducta,
378 4237 474 4305 eredo,
492 4237 652 4309 superioris
678 4239 747 4294 onni
772 4240 966 4298 successum.

1022 4152 1101 4208 ditiis
1112 4152 1147 4186 ⁴⁵⁶
1162 4147 1247 4204 melle
1263 4146 1444 4204 dulcioribus
1463 4148 1602 4212 delinivit,
1619 4155 1728 4208 statum
1744 4152 1845 4226 pristi-

1023 4259 1105 4308 num,
1121 4240 1145 4296 si
1161 4254 1226 4311 quae
1241 4252 1296 4292 sua
1318 4241 1401 4292 crunt
1425 4238 1590 4294 accuratius
1603 4238 1690 4296 vellet
1713 4242 1846 4298 alicnde-

138 4325 299 4397 Siquldem,
312 4330 343 4380 ut
357 4325 544 4382 veracissime
564 4327 676 4382 dictum
696 4331 759 4383 est:
773 4330 842 4385 Ante
855 4333 969 4387 ruinam
1023 4348 1063 4400 re,
1080 4327 1255 4401 repromisit.
1272 4329 1296 4380 Α
1317 4342 1373 4398 quo
1398 4330 1551 4398 postquam
1576 4328 1761 4386 medicinalia
1786 4345 1847 4387 ser·

139 4415 279 4470 excitatur
302 4431 350 4472 cor
364 4415 525 4487 (Proaxvr,
539 4416 592 4487 18),
611 4416 651 4471 ibi
676 4416 844 4473 oeciderunt
867 4434 969 4476 omnes
1024 4433 1143 4475 monum
1159 4420 1187 4472 et
1201 4416 1435 4472 exhortationum
1458 4432 1577 4471 suarum
1595 4417 1726 4474 antidota
1740 4434 1799 4475 non
1813 4423 1847 4475 ut

139 4505 190 4576 qui
211 4504 407 4576 operabantur
417 4505 451 4540 ***
465 4504 654 4577 iniquitatem
666 4506 710 4559 ⁴⁴⁷.
726 4505 867 4562 Pravenit
892 4508 966 4564 hano
982 4500 1006 4567 [l
1021 4506 1104 4582 prins
1118 4505 1245 4576 obliquis
1258 4504 1433 4576 ambagibus
1450 4504 1601 4571 declinari,
1619 4507 1669 4562 sed
1686 4506 1772 4564 solito
1788 4508 1848 4564 avi-

140 4606 309 4666 pressoram
328 4591 531 4649 imminentem
551 4592 684 4649 Ecclesia
700 4610 756 4666 pax
770 4594 801 4649 ia
817 4594 922 4668 placito
933 4596 967 4632 ⁸⁸⁸
1023 4598 1090 4653 dius
1112 4593 1284 4668 praegustrri
1296 4593 1330 4628 ⁸⁸⁸
1343 4597 1372 4648 et
1386 4593 1422 4647 ad
1446 4593 1585 4650 interiora
1609 4596 1736 4667 pectoris
1758 4595 1848 4671 recipi

140 4681 969 4755 regali,quodinArnestat(l9ll)babitumluitexin·
1024 4685 1126 4754 sensit,
1143 4700 1210 4739 eum
1229 4699 1295 4737 mox
1310 4680 1449 4754 episcopii
1463 4683 1510 4737 sui
1527 4682 1623 4739 locum
1641 4684 1847 4758 venerabilem,
1936 4744 1938 4749 ,

140 4775 221 4844 legro
246 4770 417 4841 condita“⁹‚
433 4775 462 4827 et
476 4787 509 4826 ex
535 4787 642 4844 magna
654 4774 715 4842 jam
732 4778 813 4845 parte
837 4790 889 4845 par
911 4775 967 4829 im·
1024 4776 1154 4831 Bonnam
1176 4769 1463 4840 videlicet,jucuude
1488 4771 1560 4826 satis
1586 4772 1725 4841 invitavit,
1738 4775 1848 4845 J'uoun·

143 4860 285 4932 peratoris
301 4860 394 4915 nostri
419 4860 600 4932 fratrumque
622 4863 686 4932 ejus
701 4863 875 4934 sapientiam
900 4880 967 4920 oon·
1024 4864 1090 4920 dius
1110 4859 1251 4932 suscepit,
1266 4858 1345 4915 omni
1369 4858 1516 4931 voluptate
1540 4861 1694 4935 utriusque
1717 4863 1851 4935 dignust
1886 4898 1895 4915 .

827 5006 942 5063 VAlllAE
967 5006 1170 5064 taurianas.

115 5160 123 5179 .
180 5129 265 5185 “ido
290 5132 315 5186 l.
354 5129 439 5186 ‘iisd
463 5145 533 5187 corr.
559 5129 587 5184 id
611 5130 638 5183 2.
678 5129 712 5165 “⁰
726 5131 856 5200 quaml.
895 5133 991 5189 “¹est
1014 5132 1082 5189 odd.
1108 5133 1135 5186 3.
1173 5130 1371 5199 “²cuperent.
1410 5128 1605 5200 ⁸⁸¹.posset3.
1643 5128 1677 5164 ***
1691 5128 1796 5184 etenim
1820 5127 1848 5184 3.

143 5200 363 5257 “isuooessom
379 5204 405 5257 3.
444 5202 734 5273 “⁸opersnturl.2.
751 5202 822 5256 Fotc.
861 5202 981 5260 ‘vocat
997 5206 1022 5261 l.
1060 5204 1094 5238 “⁸
1110 5201 1272 5257 ilcaorreui
1294 5199 1424 5256 folcuino
1447 5203 1632 5272 supraposita
1648 5198 1848 5273 palatiooodd.

143 5273 178 5306 ***
195 5274 329 5328 condicta
352 5275 379 5328 2.
396 5274 422 5330 3.
447 5274 518 5328 Fotc.
557 5273 747 5342 ⁴⁸⁰tanquam
771 5274 798 5327 3.
823 5283 848 5330 et
873 5275 1032 5334 Falacrinae.
1072 5272 1366 5330 ‘⁶¹miseraudum2.
1405 5273 1440 5309 ⁸⁸²
1455 5272 1614 5344 expectavit
1626 5271 1652 5328 3.
1691 5271 1727 5308 ⁴⁸⁸
1742 5288 1806 5330 esse
1822 5274 1849 5333 1.

142 5343 177 5378 ***
191 5343 346 5399 blandiens
359 5348 386 5400 2.
425 5344 458 5379 “⁶
473 5362 497 5400 s.
515 5362 538 5401 s.
556 5361 583 5400 a.
599 5361 628 5417 p.
644 5343 741 5399 desunt
754 5344 781 5399 3.

935 5443 1053 5504 ΝΟΜ.

182 5567 276 5641 (1941)
291 5568 430 5626 Arnstadt
444 5569 473 5624 in
489 5567 667 5642 Thuringia;
684 5568 722 5627 ol.
736 5586 805 5626 aun.
820 5572 912 5646 Augg.
929 5589 956 5629 a.
971 5572 1034 5630 954.
