3908 6096
143 265 181 324 ra
279 239 284 248 '
650 263 818 325 aaronis
841 262 1134 329 venenatarum
1159 266 1335 327 uersuum
1561 284 1565 293 ·
1806 271 1845 327 re

143 395 226 455 illata
242 397 456 468 sustinuerunt,
469 395 511 452 sio
522 398 550 451 et
564 395 612 450 isti
624 411 727 450 rursus
737 396 838 451 eadem
851 395 966 468 patiun-
980 397 1008 463 Α
1024 396 1161 453 mulacris
1176 397 1216 454 uit
1232 415 1238 453 :
1256 397 1367 454 Similes
1381 399 1439 454 illie
1464 399 1532 469 fierit
1557 401 1603 471 qui
1625 401 1735 474 faciant
1758 417 1805 464 eo:
1820 412 1846 460 et

142 491 201 556 tur,
219 491 252 542 ut
265 501 447 559 paganorum
463 484 572 558 regulis
591 483 707 556 possint
729 484 849 541 erudiri.
866 486 900 540 Et
915 501 967 540 nec
1020 502 1114 541 esuries
1127 490 1174 558 qia
1188 489 1324 558 confidunt
1339 491 1368 544 in
1383 491 1422 545 eia
1435 489 1520 559 (Psoi.
1532 506 1609 555 extu,
1620 490 1659 559 8).
1671 491 1718 546 Ait
1734 491 1844 564 quippe

137 575 279 632 indootos
294 574 407 632 elevare
421 576 557 630 metuunt
570 573 606 628 ad
622 573 804 643 cathedram,
819 578 848 628 ct
864 590 967 629 rursus
1021 574 1123 649 beatus
1144 576 1339 650 Hieronymus
1355 575 1386 649 (l.
1401 595 1429 632 vr
1444 578 1474 633 ia
1488 582 1603 644 loreia„
1618 595 1643 633 c.
1661 580 1704 650 12)
1721 595 1728 634 :
1749 604 1759 629 ι
1779 581 1844 636 Ido-

136 664 267 722 elevatos
287 663 448 736 disciplima
472 661 697 735 philsophorum
720 662 891 718 submittere
908 679 965 718 non
1019 662 1082 719 lum
1104 663 1248 737 hodieque
1273 666 1402 738 ponitur,
1419 668 1536 739 quando
1559 684 1666 723 novum
1690 668 1799 743 dogma
1815 669 1845 726 in

142 754 312 811 formidant.
1020 752 1147 809 Ecclesia
1161 755 1386 811 constituitur.»
1400 756 1474 812 Sane
1489 756 1537 812 hic
1548 756 1636 812 etiarn
1653 756 1844 814 inserendum

177 844 285 900 beatus
299 842 408 915 quippe
416 839 573 912 Gregorius
589 856 691 896 omnes
707 839 858 912 pontifices
874 857 891 896 a
905 839 965 895 leo·
1019 841 1168 908 duximus,
1184 844 1262 915 quod
1278 844 1308 900 in
1323 844 1471 901 Ezechiele
1494 845 1635 917 propheta
1658 845 1764 918 legisse
1780 863 1843 903 me·

139 933 220 990 tione
234 932 391 999 ‘librorum
410 928 567 1002 gentilium
596 928 770 985 inhibebat:
789 934 966 1001 quapropter
1019 930 1226 986 minimustllt
1239 936 1393 1003 factumest
1408 936 1438 988 in
1453 950 1524 989 meno
1541 936 1680 1003 tripcsimo
1691 936 1844 992 Ezechielis

140 1022 288 1079 Desiderio
302 1017 463 1076 Galliarum
485 1016 622 1090 episcopo
645 1017 776 1074 scribens
791 1018 831 1073 ait
846 1019 906 1088 (tit.
925 1036 964 1088 ιιι,
1018 1020 1156 1090 proptera
1171 1039 1180 1074 .·
1196 1020 1264 1075 Coeli
1278 1024 1368 1093 operti
1381 1030 1445 1077 artat
1458 1027 1483 1078 et
1499 1023 1567 1078 uidit
1584 1025 1701 1080 visiones
1716 1026 1828 1082 Domini
1831 1043 1842 1088 ;

139 1114 217 1183 epist.
233 1109 278 1181 48)
296 1127 302 1166 :
318 1131 331 1159 a
349 1107 483 1164 Pervenit
497 1106 533 1163 ad
551 1123 604 1162 nos
619 1108 695 1178 quod
713 1107 776 1162 sine
790 1107 965 1163 verecundia
1019 1116 1043 1163 et
1056 1115 1129 1179 luctu
1142 1117 1180 1164 eet
1191 1126 1274 1179 aripcr
1284 1094 1346 1166 eura
1357 1112 1396 1167 ibi
1406 1129 1504 1167 inari-us
1519 1114 1628 1168 Domini
1641 1113 1757 1182 (Eaccb.
1771 1132 1790 1184 1,
1805 1114 1842 1186 1).

137 1214 300 1256 memorare
311 1214 370 1253 non
381 1212 540 1269 possumus
551 1195 764 1252 fraternitatem
777 1200 859 1251 tuam
870 1213 964 1269 gram·
1019 1198 1098 1261 Quod
1122 1199 1225 1255 beatus
1241 1200 1397 1274 Gregorius
1425 1201 1673 1272 prudentissimus
1689 1203 1716 1258 in
1734 1202 1842 1260 divinis

138 1288 274 1346 maticam
290 1285 470 1360 quibusdam
485 1300 628 1358 exponere
642 1303 648 1340 :
663 1302 752 1357 quem
768 1301 828 1340 rem
846 1285 886 1341 ita
903 1302 963 1341 mo·
1017 1286 1206 1358 dogmatibus
1220 1289 1386 1361 disputator
1403 1290 1445 1344 ita
1459 1290 1608 1360 disseruit,
1625 1290 1724 1347 dicens
1740 1291 1803 1362 (lib.
1821 1309 1841 1359 r,

135 1377 222 1448 leste,
234 1375 431 1448 suscepimus,
452 1390 485 1430 ao
509 1390 613 1430 sumus
637 1372 838 1429 vehementius
864 1388 963 1445 asper·
1017 1378 1219 1447 superiacta,
1235 1377 1337 1434 homil.
1353 1380 1400 1450 2);
1417 1380 1498 1436 «Hoc
1514 1383 1610 1435 autom
1627 1382 1704 1452 quod
1721 1380 1840 1447 dicitur,
1901 1363 1904 1368 ¹

137 1467 211 1538 neti,
227 1470 259 1521 ut
274 1482 308 1521 ea
322 1481 386 1537 qum
409 1464 492 1536 prius
507 1464 542 1518 de
558 1466 586 1518 te
600 1463 684 1519 nobis
706 1464 783 1518 bona
806 1461 884 1517 diota
900 1463 963 1517 lue·
1018 1465 1088 1536 quia
1101 1466 1252 1538 trigesimo
1267 1484 1344 1523 anno
1359 1467 1496 1541 spiritum
1511 1469 1669 1541 prophetiis
1684 1470 1839 1542 acceperit,

138 1561 217 1626 rent,
233 1554 262 1611 in
279 1553 421 1628 gemitum
448 1557 476 1608 et
499 1551 650 1608 tristitiam
676 1552 963 1623 verteremuszquia
1017 1553 1127 1609 indicat
1156 1556 1240 1611 nobis
1269 1555 1378 1629 aliquid
1413 1556 1673 1626 considerandum,
1703 1557 1840 1615 videlicet

136 1645 168 1701 in
183 1647 289 1716 unossse
308 1658 357 1700 ore
379 1656 448 1698 cum
470 1641 552 1698 Jovis
574 1639 713 1697 laudibus
728 1640 835 1697 Christi
860 1639 963 1696 laudes
1018 1642 1181 1714 quiajuxta
1195 1645 1316 1702 rationis
1327 1662 1414 1702 usum
1430 1646 1567 1702 doctrine
1583 1663 1678 1702 sermo
1694 1663 1752 1702 non
1767 1664 1840 1720 sup·

135 1734 194 1791 uon
223 1732 412 1805 capiuutzet
440 1746 529 1803 quam
559 1746 645 1803 grave
674 1729 896 1801 uelandumque
926 1729 963 1785 sit
1018 1731 1099 1804 petit,
1116 1734 1172 1789 nisi
1188 1734 1217 1788 in
1232 1737 1315 1791 aetatc
1330 1736 1466 1807 perfecta.
1480 1735 1560 1791 Unde
1577 1736 1681 1802 etipse
1695 1736 1839 1792 Dominus

136 1822 288 1898 Episcopis
303 1837 415 1890 canere,
432 1819 511 1892 quod
535 1835 587 1875 nec
606 1818 679 1875 laico
704 1818 840 1892 religiose
855 1834 958 1874 conve·
1016 1837 1092 1876 anno
1108 1822 1280 1879 duodecimo
1294 1823 1389 1879 atatis
1407 1841 1467 1881 sua
1482 1823 1512 1879 in
1529 1824 1623 1880 medio
1639 1825 1791 1880 doctorum
1807 1825 1838 1881 in

136 1913 200 1969 niat
213 1911 276 1985 ipse
300 1909 463 1967 considera.
481 1930 492 1959 ι
511 1908 659 1981 [Legimus
675 1924 792 1981 quoque
815 1909 851 1963 de
874 1908 959 1964 beato
1012 1910 1121 1983 templo
1136 1912 1317 1980 sedens,non
1332 1913 1438 1969 decons
1454 1913 1505 1969 sed
1521 1913 1791 1986 interrogansltac.
1804 1933 1836 1983 11,

135 2002 327 2073 Hieronymo,
353 1997 493 2070 quoniam
522 2013 589 2053 cum
619 1996 727 2052 librum
752 1997 861 2070 legeret
881 1997 958 2052 Cice·
1013 1999 1057 2070 to)
1074 1998 1167 2056 voluit
1180 2001 1313 2058 inveniri.
1330 2001 1365 2058 Ut
1377 2003 1455 2057 enim
1473 2018 1531 2058 nou
1546 2003 1687 2058 auderent
1702 2002 1837 2059 homines

135 2089 226 2162 renis,
241 2088 278 2145 ab
293 2086 403 2160 Angeia
425 2089 575 2158 correptus
599 2084 648 2157 sit,
664 2086 742 2157 quod
758 2085 802 2142 vir
816 2085 959 2142 Christis·
1013 2085 1043 2140 ia
1059 2086 1228 2144 infirmitate
1238 2088 1459 2160 praedicure,ille
1470 2105 1546 2146 anno
1557 2090 1730 2146 duodecimo
1742 2091 1836 2147 atatis

136 2182 212 2249 nus]
241 2192 424 2250 paganorum
453 2175 617 2231 intenderet
645 2175 831 2247 [tigmentis]
861 2175 958 2230 Rudas
1014 2192 1072 2231 suar
1086 2177 1264 2249 interrogare
1278 2178 1413 2234 homines
1427 2182 1472 2234 est
1487 2179 1624 2251 diguatus
1637 2179 1667 2234 in
1683 2183 1771 2250 terra,
1783 2180 1835 2251 qui

139 2267 235 2324 adbuc
251 2264 417 2322 scholastici
428 2263 629 2336 operamdant
639 2262 756 2329 studiis,
768 2263 877 2334 quibus
891 2279 959 2318 cum
1013 2280 1065 2336 per
1084 2265 1265 2322 divinitatem
1292 2283 1377 2322 suam
1407 2284 1522 2340 semper
1548 2267 1667 2340 angelos
1693 2269 1777 2325 docet
1804 2269 1834 2324 in

137 2355 219 2414 nulla
233 2354 432 2426 subrogantur
449 2351 562 2420 merita,
574 2367 590 2407 a
602 2350 665 2408 sola
678 2352 884 2408 tantummodo
899 2368 960 2407 cas·
1014 2353 1096 2410 coelo.
1107 2354 1181 2418 Quia
1194 2356 1272 2411 enim
1289 2356 1351 2428 ipse
1366 2360 1410 2412 est
1425 2357 1473 2412 Dei
1491 2357 1644 2429 sapientia,
1656 2358 1692 2413 de
1706 2356 1770 2429 ipso
1786 2375 1836 2414 an·

134 2445 219 2503 titate
232 2443 409 2501 laudantur:
426 2445 455 2497 et
470 2441 615 2513 quomodo
641 2440 697 2495 dici
723 2444 822 2496 castus
842 2441 959 2515 poterit,
1014 2442 1071 2514 geli
1086 2442 1208 2500 videndo
1233 2445 1342 2510 vivunt,
1361 2444 1415 2501 hoc
1436 2446 1513 2517 quod
1543 2446 1692 2502 beatitudo
1714 2451 1834 2513 eterna,

139 2534 192 2608 qui
204 2532 300 2591 adbuc
313 2530 459 2588 incentiva
468 2529 524 2602 (45)
536 2528 645 2585 sentire
658 2529 839 2586 convaleat?
853 2532 959 2587 statui·
1014 2530 1168 2587 satiantur.
1180 2534 1261 2598 Quod
1273 2534 1387 2606 Moyses
1403 2551 1520 2607 quoque
1535 2550 1586 2606 per
1600 2533 1743 2608 allegorias
1759 2552 1837 2607 mys-

138 2620 379 2697 turpuerulusin
390 2619 531 2684 medium,
543 2619 740 2691 interrogatur
751 2618 877 2692 populus
889 2636 960 2692 qua·
1013 2621 1120 2677 terium
1143 2622 1292 2691 admonet,
1307 2623 1407 2680 dicens
1423 2640 1429 2677 ι
1447 2625 1505 2680 lion
1524 2623 1620 2680 orabis
1643 2626 1673 2678 in
1695 2626 1835 2696 primopo-

138 2713 176 2771 lis
189 2713 295 2784 sit,qui
306 2709 487 2790 ordinandus
497 2708 547 2776 sit;
560 2708 607 2764 cui
620 2712 718 2764 tamea
733 2707 865 2781 perhibet
880 2709 960 2765 testi·
1013 2712 1070 2765 nito
1098 2711 1172 2767 boris
1199 2713 1287 2784 (Deae.
1308 2730 1376 2784 xxrr,
1393 2712 1447 2784 10).
1473 2711 1704 2785 Primogenitum
1735 2717 1833 2769 autern

137 2798 535 2870 moniumnonvolens,sed
558 2796 959 2870 invitusouidsupervacue
1011 2800 1094 2857 bovis
1122 2801 1296 2873 accipimus,
1311 2801 1340 2858 in
1366 2802 1485 2858 infirma
1512 2806 1594 2857 etate
1622 2801 1709 2873 primi
1739 2803 1834 2858 nostri

138 2891 280 2967 queritur
295 2893 327 2946 ut
339 2888 484 2957 laudetur,
500 2903 568 2943 cum
584 2886 620 2942 ab
635 2885 773 2943 omnibus
786 2885 901 2944 inutilis
916 2888 956 2945 vi·
1010 2890 1151 2964 temporis
1168 2890 1273 2946 bonam
1290 2892 1498 2964 operationem.
1516 2891 1547 2946 lu
1563 2908 1621 2962 qua
1635 2895 1733 2947 tamen
1746 2908 1832 2947 aran·

137 2979 262 3038 dentur?
275 2979 349 3035 Vota
363 2977 495 3034 omnium
510 2976 710 3048 inquiruntur,
726 2992 790 3048 quae
803 2977 890 3033 etiam
907 2994 956 3034 os·
1010 2982 1080 3036 dum
1104 2997 1160 3037 non
1176 2981 1307 3053 estquis
1329 2997 1395 3036 cum
1419 2981 1515 3052 prima
1538 2980 1597 3036 sint
1620 2980 1831 3050 adolescentie,

136 3071 255 3128 tendere
269 3067 385 3141 publice
400 3069 545 3135 metuunt,
561 3069 706 3121 calomen
722 3082 787 3138 quae
807 3066 957 3135 proferunt
1007 3070 1171 3141 juventutis
1186 3076 1290 3126 nostros
1311 3075 1452 3141 tempora,
1470 3069 1554 3125 nobis
1579 3068 1674 3124 adhuc
1689 3086 1706 3125 a
1725 3069 1831 3141 pradi-

135 3163 216 3217 meru
231 3161 352 3228 extorta,
364 3160 392 3212 et
407 3155 462 3228 ipsi
477 3154 733 3239 inquirentes'non
745 3154 889 3211 ambiunt.
907 3157 954 3212 Ri·
970 3133 992 3201 G
1011 3161 1124 3215 catione
1152 3160 1328 3216 cessandum
1349 3163 1404 3229 est,
1421 3163 1453 3213 ut
1476 3173 1576 3214 vomer
1589 3156 1695 3230 linguar
1725 3161 1831 3213 nostra

135 3250 205 3306 dent
219 3246 351 3321 plurimi,
363 3244 412 3301 alii
424 3243 509 3318 quasi
520 3244 556 3299 de
571 3243 810 3300 ini'antishonore
824 3246 955 3317 gauden-
1009 3248 1195 3320 proscindere
1205 3265 1263 3304 aon
1278 3249 1385 3304 audeat
1397 3251 1504 3303 terram
1518 3246 1614 3301 cordis
1629 3246 1725 3302 alieni.
1739 3250 1832 3314 Quoa-

133 3343 189 3407 tes,
205 3337 256 3392 alii
270 3341 369 3392 tamen
385 3335 498 3389 clarum
513 3336 541 3389 et
562 3332 750 3388 manifestum
775 3335 954 3407 praestigium
1009 3338 1123 3410 duaque
1138 3338 1245 3394 etenim
1264 3336 1374 3393 intirmi
1390 3353 1504 3404 sumus,
1522 3337 1669 3392 continere
1686 3353 1738 3391 uos
1752 3336 1831 3392 intra

134 3425 311 3482 deridentes.
324 3424 387 3494 lpse
402 3436 519 3494 quoque
538 3419 677 3491 parvulus
695 3421 730 3475 de
748 3421 896 3492 aliquibus
909 3424 955 3479 in·
1008 3426 1205 3497 nosmetipsos
1220 3426 1372 3492 debemus,
1389 3443 1424 3480 ne
1444 3427 1513 3481 dum
1529 3429 1629 3481 tenera
1649 3425 1728 3481 boae
1742 3424 1830 3481 citius

131 3517 297 3587 terrogatns
312 3509 536 3583 capitulisque
552 3508 575 3564 si
596 3525 758 3581 preparare
773 3512 878 3582 poterit
893 3528 954 3568 me·
1009 3514 1192 3569 ostendimus
1209 3531 1215 3569 :
1233 3513 1302 3585 quia
1322 3518 1350 3569 et
1372 3514 1491 3569 arbusta
1507 3513 1647 3586 plantata,
1664 3514 1688 3570 si
1704 3515 1786 3586 prius
1799 3513 1830 3568 in

132 3604 254 3661 moriter
263 3600 375 3671 reddet,
388 3598 429 3656 vel
441 3598 472 3653 in
482 3597 581 3670 aliquo
593 3597 809 3669 tremcnsleget
823 3600 953 3671 pittacio,
1007 3607 1085 3659 terre
1100 3602 1230 3657 radicata
1245 3619 1301 3656 non
1318 3602 1436 3668 luerint,
1452 3619 1541 3657 manu
1558 3607 1635 3659 tacta
1650 3603 1737 3659 citius
1753 3619 1831 3658 ares·

131 3709 189 3751 non
205 3688 400 3764 episcopalem
415 3687 522 3743 timens
543 3686 662 3758 perdere
677 3686 812 3759 gratiam,
825 3689 874 3743 sed
891 3706 952 3745 ma·
1008 3696 1091 3760 cuut3
1106 3695 1135 3747 at
1150 3690 1174 3746 ei
1190 3689 1279 3746 semel
1294 3691 1420 3747 radicem
1433 3691 1559 3760 fixerint,
1572 3709 1677 3749 manus
1692 3691 1786 3764 tangit
1800 3695 1831 3746 et

129 3781 214 3855 gistri
231 3781 379 3836 incurrere
399 3777 521 3848 virgam.
540 3775 601 3832 Non
617 3775 695 3832 enim
712 3792 775 3848 qua
791 3777 893 3833 recitat
908 3778 952 3835 in·
1007 3779 1081 3836 nihil
1092 3779 1191 3848 officit,
1206 3779 1282 3836 venti
1295 3780 1459 3852 impellunt,
1473 3798 1524 3836 nec
1534 3784 1632 3837 tamen
1644 3779 1828 3853 impellentes

127 3869 244 3944 telligit,
260 3868 345 3940 cujus
361 3883 414 3925 nec
428 3866 457 3922 id
473 3865 622 3922 corculum
638 3865 750 3921 discere
765 3866 883 3935 sufficit,
901 3870 951 3924 sed
1006 3868 1127 3926 laedunt.
1157 3870 1191 3925 Et
1220 3871 1381 3926 constructi
1411 3870 1537 3942 parietes
1565 3870 1590 3925 si
1626 3868 1826 3942 impellantur,

5 3985 16 3992 ·
125 3960 215 4017 verba
228 3963 344 4017 tantum
360 3972 529 4031 percurrero
544 3955 658 4029 quoerit.
675 3956 882 4029 iuterrogatur,
900 3960 950 4014 sed
1006 3965 1159 4028 eruuntur,
1175 3959 1231 4015 nisi
1253 3959 1335 4031 prius
1361 3960 1469 4015 luerint
1490 3959 1525 4015 ab
1549 3959 1672 4015 humore
1695 3975 1748 4015 suo
1770 3958 1826 4014 sic·

126 4051 288 4108 undeeum
317 4047 429 4105 nescire
444 4045 495 4118 qui
511 4045 692 4118 interrogant
718 4062 774 4101 uon
803 4047 949 4116 dubitant,
1005 4048 1071 4103 cati.
1089 4049 1170 4104 Mens
1192 4047 1290 4118 itaque
1311 4065 1464 4121 quousque
1479 4049 1515 4103 ab
1530 4049 1652 4104 humore
1675 4047 1826 4120 pravitatis

125 4139 302 4210 respondere
331 4140 429 4193 tamen
459 4134 562 4191 exinde
589 4134 794 4206 quoquomodo
810 4135 950 4192 didicisse
1005 4136 1204 4206 suaporlecte
1225 4152 1282 4190 uon
1307 4135 1394 4190 luerit
1420 4136 1689 4205 exsiccata,alieuae
1718 4135 1825 4208 linguar

125 4225 287 4283 confidunt.
299 4224 357 4279 Nec
373 4225 515 4295 quaritur
528 4225 692 4277 utsensum
707 4225 842 4293 exponat,
855 4224 904 4278 sed
917 4229 948 4278 ut
1003 4239 1093 4277 manu
1109 4223 1189 4295 tangi
1206 4239 1263 4277 non
1280 4223 1375 4293 debet,
1392 4239 1427 4278 nc
1446 4222 1618 4294 priusquam
1634 4223 1718 4294 plone
1733 4224 1826 4296 porci·

124 4313 212 4371 verba
225 4317 340 4370 tantum
356 4309 452 4381 aliquo
478 4310 563 4365 modo
580 4313 710 4381 promat;
727 4325 784 4363 non
809 4310 946 4365 enimin·
1003 4311 1073 4384 piat,
1091 4311 1193 4382 perdat
1218 4310 1397 4367 soliditatem
1423 4328 1519 4377 suam,
1534 4329 1570 4366 nc
1594 4310 1723 4382 impulsa
1748 4317 1825 4383 ruat,

124 4402 252 4477 quiritur
277 4405 309 4457 ut
331 4399 525 4466 examinetur,
548 4397 598 4453 sed
623 4397 707 4468 quasi
732 4401 764 4453 ut
789 4398 947 4455 eanonicus
1002 4416 1038 4456 ne
1053 4399 1131 4456 velut
1146 4401 1300 4456 arbustum
1314 4400 1377 4455 sine
1393 4400 1552 4465 radicibus,
1566 4400 1635 4454 dum
1652 4398 1718 4469 plus
1734 4417 1824 4469 quam

122 4490 444 4558 ordoservetur,etut
469 4485 654 4542 mendacium
679 4488 708 4542 et
731 4486 1125 4564 fransvalidiorptolerare
1152 4489 1238 4556 valet,
1269 4489 1444 4560 concutitur,
1473 4489 1592 4543 flatibus
1627 4491 1749 4541 arescat.
1781 4492 1824 4544 Ad

121 4581 171 4651 sit,
188 4581 213 4638 si
237 4580 357 4638 veritate
382 4578 585 4642 obumbretur,
602 4574 880 4648 etacompluribus
896 4577 943 4632 fir·
1000 4577 1164 4649 exemplum
1191 4593 1259 4649 ergo
1284 4594 1341 4632 non
1368 4580 1438 4632 sunt
1465 4575 1654 4641 ostendenda,
1671 4574 1728 4630 nisi
1757 4592 1822 4648 qua

121 4674 240 4728 matur:
258 4669 308 4726 sed
325 4667 392 4740 quis
408 4667 525 4722 firmare
540 4664 646 4736 poterit
669 4665 747 4735 quod
771 4664 847 4720 Deus
863 4664 943 4720 indr-
999 4666 1084 4722 lirma
1098 4671 1177 4722 sunt.
1194 4666 1278 4722 Prius
1293 4666 1399 4721 etenim
1412 4665 1611 4721 convalescere
1626 4665 1712 4721 debet
1728 4682 1820 4731 meus,

121 4759 203 4816 meti
217 4758 291 4825 Quid
306 4757 384 4813 euim
401 4755 495 4811 dicere
510 4770 668 4826 possumus
682 4769 750 4808 cum
764 4753 831 4809 talis
847 4754 875 4809 in
892 4755 942 4810 Ec·
998 4760 1086 4827 atque
1108 4756 1143 4811 ad
1160 4754 1317 4811 utilitatem
1343 4755 1540 4827 proximorum
1567 4754 1752 4826 postmodum
1769 4755 1817 4806 de·

119 4846 209 4905 olesia
219 4843 475 4921 preponiturmisi
484 4843 561 4916 quod
571 4841 683 4899 idolum
696 4842 862 4898 statuatur?
873 4843 944 4899 Ocu·
998 4845 1164 4916 manustram,
1180 4861 1246 4900 oum
1268 4846 1331 4915 jam
1349 4861 1401 4901 nec
1416 4860 1467 4916 por
1490 4845 1606 4900 laudem
1633 4843 1740 4899 elevata
1754 4856 1816 4895 cor-

116 4935 163 4997 les
176 4938 255 4996 enim
270 4936 369 5000 habet,
387 4938 415 4990 et
429 4950 488 4990 non
502 4932 589 5001 videt,
605 4933 681 4988 sicut
698 4932 839 4988 Dominus
855 4933 896 4989 ait
911 4933 941 4988 in
997 4938 1072 5003 ruat,
1087 4950 1139 4990 nec
1155 4950 1205 5006 per
1215 4933 1455 5007 vituperationem
1468 4951 1606 5006 percussa
1619 4929 1816 4988 contabescat.

116 5026 292 5102 Evangelio:
310 5024 408 5081 Simile
420 5023 485 5079 illos
500 5039 509 5078 :
524 5022 589 5079 ea’ci
603 5031 667 5078 aaut
679 5029 705 5078 et
719 5021 798 5078 duces
811 5038 942 5079 caecorum
995 5023 1069 5078 Nam
1085 5028 1113 5080 et
1128 5023 1154 5078 si
1169 5023 1320 5079 Timotheo
1335 5023 1460 5078 dicitur:
1478 5024 1603 5094 Prmcipe
1618 5022 1683 5088 liaeo,
1698 5026 1723 5074 et
1736 5020 1818 5080 doce·

119 5115 223 5190 (tuit.
240 5115 346 5187 smil).
362 5119 455 5170 Aures
469 5111 558 5167 habet
573 5117 601 5167 et
616 5128 673 5168 non
689 5112 781 5181 audit,
798 5116 830 5166 ut
845 5111 914 5168 alibi
932 5129 938 5167 :
994 5128 1074 5168 neruo
1089 5112 1302 5168 adolescentiam
1316 5121 1392 5167 taam
1406 5116 1559 5166 contemnat
1574 5111 1596 5181 (l
1613 5111 1680 5163 Tim.
1698 5125 1736 5175 iv,
1754 5109 1797 5172 11)
1810 5124 1816 5162 :

118 5204 173 5276 Qui
187 5205 269 5263 babet
280 5219 362 5260 acres
376 5201 520 5269 audiendi,
535 5201 635 5257 audiat
647 5200 754 5270 (llottlr.
766 5216 804 5255 ιιι.
823 5201 876 5273 15).
894 5203 938 5270 Et,
995 5202 1148 5259 sciendum
1163 5207 1208 5258 est
1230 5203 1308 5273 quod
1324 5200 1353 5256 in
1369 5218 1450 5257 sacro
1464 5199 1579 5271 eloquio
1604 5213 1818 5268 nonnunquam

121 5297 155 5349 ut
169 5295 205 5349 ed
221 5290 381 5366 discipulos
396 5307 402 5347 :
422 5291 507 5347 Vestri
522 5294 619 5344 aalma
633 5290 706 5345 beati
721 5290 802 5357 oculi,
818 5293 884 5360 quio
897 5292 938 5345 oi·
994 5290 1191 5348 adolescentia
1202 5291 1343 5362 juventus
1353 5295 1486 5356 vocatum
1503 5288 1580 5343 unde
1594 5285 1738 5357 scriptum
1754 5289 1816 5341 est:

116 5377 937 5451 aeruna·uauresvaoae,qutaomioteleuta.1111,
993 5383 1109 5450 Laeture,
1135 5382 1263 5453 juvenis,
1293 5383 1323 5437 in
1359 5379 1538 5437 adolescentia
1566 5385 1612 5433 tuo
1641 5375 1747 5449 (Ecclr.
1775 5391 1816 5447 ru,

114 5470 170 5546 lt).
187 5469 241 5527 Ubi
256 5468 340 5526 valde
354 5470 575 5527 timendumest
586 5470 664 5542 quod
679 5467 835 5526 Psalmista
849 5469 885 5526 de
898 5469 937 5525 si·
991 5471 1030 5542 9).
1046 5470 1177 5527 Proiecto
1201 5469 1301 5544 igitur,
1327 5477 1358 5527 ut
1375 5467 1557 5526 'ostendatur
1580 5467 1665 5540 eujus
1690 5463 1818 5525 auctori·

149 5578 206 5657 (45)
220 5577 367 5639 lucrativa.
382 5576 428 5640 sic
442 5578 527 5638 cdere
540 5576 637 5656 libuit,
654 5581 683 5636 at
698 5577 840 5639 echeriae
855 5579 996 5663 ediderat,
1012 5578 1163 5640 tarentina.
