3908 6096
178 288 237 349 499
690 268 857 337 A'l'lOle
880 267 1170 335 vuuuuhtuuffls
1193 269 1370 339 episcopt
1818 282 1878 343 2⁰0

60 435 63 438 ·
177 420 280 485 curuis,
295 431 370 472 mors
384 416 423 470 est
437 412 520 483 (262).
537 408 695 466 Prudentia
713 407 809 463 carnis
825 405 942 478 propria
957 407 1001 460 θε)
1014 404 1042 470 Α
1057 421 1113 460 uon
1128 409 1332 477 contemnatis,
1344 425 1438 480 neque
1449 423 1500 480 pro
1511 424 1598 479 parvo
1608 407 1724 466 ducatis
1734 408 1879 482 Spiritum

178 513 293 564 terrena
309 504 430 577 diligere
446 497 611 558 etcoelestia
623 498 784 569 despicere3
801 500 831 551 et
845 495 909 550 ideo
923 510 1002 549 mors
1056 493 1162 551 Christi
1178 496 1436 570 haherr,quuuiam
1453 497 1538 554 aliter
1552 499 1616 570 eius
1630 514 1694 555 esse
1710 517 1767 556 nou
1780 505 1879 572 potes-

179 613 243 654 esse
267 594 385 662 dicitur,
404 591 543 664 quoniam
568 590 691 643 mortem
716 584 832 657 ingerit.
852 584 1002 642 Prudentia
1054 583 1103 639 tis.
1116 585 1243 656 Spiritus
1258 586 1364 642 Christi
1386 587 1463 642 idem
1479 590 1523 642 esi
1537 591 1564 642 et
1579 586 1704 659 Spiritus
1727 588 1789 659 Dei,
1804 605 1878 661 quo·

178 686 380 756 umospiritus,
406 683 462 736 vitu
489 687 515 734 et
539 694 606 749 par.
636 675 794 730 Prudentia
821 673 1002 745 spiritusest
1055 672 1135 728 uiam
1151 673 1255 741 Patris,
1267 681 1295 730 et
1306 673 1370 730 Filii
1388 674 1722 745 uuusestSpiritue.llli
1733 678 1879 751 ergoSpi-

178 773 351 846 temporalia
381 773 565 826 contemnere
592 770 620 821 et
642 769 749 820 uterus
771 767 917 836 appetere.
938 762 1001 816 Ureu
1055 762 1143 818 ritum
1172 763 1280 819 Christi
1310 764 1430 834 habeut,
1449 763 1500 834 qui
1524 763 1672 819 Christum
1696 763 1834 838 diligunt,
1849 770 1879 824 et

178 861 335 938 prudentia
359 860 418 914 vita
446 856 564 918 dicitur,
581 854 651 925 qrria
677 852 767 908 vitam
796 852 921 917 conteri,
944 866 1001 921 pax
1054 851 1119 922 ejus
1147 858 1290 923 precepta
1316 853 1499 919 custodiunt,
1521 851 1644 924 ideoque
1659 851 1767 910 Christi
1796 861 1876 927 sunt,

177 969 256 1017 vero,
272 950 340 1020 quia
354 949 386 1002 in
410 960 480 1017 pace
496 943 646 1017 quiescere
669 941 747 996 iacit.
764 939 848 1004 Nam,
865 937 999 1010 quamvis
1054 939 1194 1010 quoniam
1208 939 1340 996 Christus
1355 939 1384 995 in
1400 941 1442 996 eis
1466 946 1575 996 manet.
1592 941 1656 1013 lpse
1678 942 1758 998 euim
1782 943 1875 1002 dicit:

178 1033 450 1109 multatemporalia
462 1034 570 1089 damna
581 1031 689 1087 sanctis
701 1028 999 1102 ingerantur,tamen,
1054 1028 1106 1095 Qui
1120 1028 1269 1100 illicitae
1284 1030 1368 1101 (266),
1383 1031 1516 1085 mundata
1530 1046 1592 1085 mea
1605 1032 1736 1102 curabat,
1751 1040 1778 1088 et
1792 1038 1877 1090 Pater

178 1130 247 1186 dum
264 1124 438 1198 temporalia
458 1125 563 1178 cuncta
577 1119 753 1192 despiciunt,
771 1118 800 1172 in
816 1132 887 1189 pace
901 1115 998 1187 quies·
1051 1133 1127 1172 naeus
1142 1118 1243 1190 diiipet
1258 1119 1331 1189 (267)
1347 1135 1420 1186 eum,
1435 1128 1461 1174 et
1475 1119 1510 1174 ud
1525 1135 1588 1174 eum
1601 1122 1739 1176 veniemus
1755 1126 1781 1177 et
1795 1139 1876 1178 muu-

176 1222 257 1274 cnut.
271 1214 334 1284 Vel,
352 1231 408 1287 pax
431 1211 547 1280 dicitur,
564 1209 634 1281 quia
655 1208 691 1262 ad
716 1205 911 1280 cognitionem
925 1220 997 1260 veru
1049 1204 1159 1262 sionem
1173 1207 1246 1279 apud
1260 1223 1323 1262 eum
1335 1210 1468 1276 [neumas
1478 1207 1581 1279 (ibid).
1593 1207 1647 1264 Ubi
1661 1213 1760 1265 autem
1776 1217 1876 1269 manet

175 1307 267 1380 pacis,
284 1321 347 1378 quae
362 1302 495 1359 Christus
510 1304 565 1366 est,
581 1297 723 1371 perducit.
1052 1295 1144 1362 Peter,
1160 1300 1190 1351 et
1204 1295 1304 1366 Filius,
1320 1296 1361 1351 ihi
1380 1300 1409 1352 et
1428 1296 1583 1352 amborum
1598 1295 1724 1368 Spiritus
1739 1303 1873 1357 sanctus.

207 1395 345 1467 Quoiam
359 1391 496 1462 supientia
511 1387 605 1444 curuis
620 1387 734 1442 inimica
749 1387 787 1439 est
801 1390 866 1440 beo.
878 1380 996 1453 Sapien·
1050 1384 1104 1449 Qui
1119 1401 1185 1440 vero
1202 1383 1277 1439 male
1289 1383 1440 1455 resistunt,
1452 1384 1638 1441 maledicenti
1651 1384 1829 1442 meledicunt
1843 1393 1874 1445 et

170 1485 213 1542 tia
228 1483 323 1540 caruis
338 1481 440 1536 eadem
456 1482 501 1533 est
523 1480 551 1532 et
572 1474 727 1547 prudentia
747 1474 812 1545 ejus
836 1488 909 1543 qua,
926 1469 996 1542 quia
1050 1477 1155 1529 cuneta
1167 1473 1336 1544 hujusmodi
1350 1478 1451 1546 agunt,
1462 1474 1605 1546 Spiritum
1620 1473 1670 1529 1)θί
1682 1491 1740 1530 uon
1751 1474 1873 1547 habeut,

172 1573 221 1629 Dei
232 1568 383 1644 preceptis
394 1584 453 1624 non
465 1565 572 1632 obedit,
585 1565 636 1620 sed
651 1564 715 1635 ejus
725 1560 874 1617 mundatis
884 1564 995 1615 contrua
1049 1561 1171 1632 ideoque
1193 1578 1250 1617 non
1274 1567 1343 1617 suut
1372 1563 1445 1634 ejus.
1463 1562 1545 1618 Unde
1573 1565 1664 1618 restat
1677 1567 1710 1618 ut
1726 1563 1786 1619 siut
1801 1564 1873 1621 alte·

171 1662 252 1728 dicit,
269 1655 389 1714 inimica
406 1657 461 1711 er
486 1654 605 1720 dicitur,
620 1650 770 1723 quoniam,
785 1648 862 1703 sicut
886 1647 947 1718 ipse
963 1646 993 1701 iu
1049 1649 1120 1717 rius,
1132 1650 1162 1705 id
1178 1656 1222 1707 est
1236 1650 1356 1719 diaboli,
1369 1651 1438 1723 quia
1449 1652 1533 1723 cujus
1549 1668 1637 1723 opera
1647 1652 1713 1723 quis
1722 1653 1793 1708 iacit
1806 1655 1873 1725 ejus

170 1747 325 1820 Evangelio
336 1744 416 1814 dicit,
427 1744 454 1799 ei
462 1741 687 1813 quisdiliqitme,
697 1737 836 1794 mandata
846 1735 992 1806 mealtii3)
1007 1766 1031 1832 B
1047 1738 1127 1794 filius
1140 1738 1312 1811 appellatur.

167 1837 384 1904 seruiitliouu.
396 1833 466 1902 xiv),
476 1832 533 1902 23);
545 1831 670 1901 ideoque
687 1826 742 1898 tepi
754 1827 802 1882 liei
815 1841 870 1881 uon
880 1826 990 1896 subjici·
1082 1828 1117 1882 Et
1132 1832 1165 1882 ut
1180 1828 1345 1884 ostenderet
1365 1829 1521 1900 Apostolus
1539 1835 1682 1901 quantum
1707 1847 1817 1888 munus
1833 1833 1872 1889 sit

168 1926 307 1997 16)(264).
320 1922 452 1978 Charites
467 1919 587 1991 quidem
606 1917 661 1989 legi
678 1915 727 1971 Dei
744 1914 909 1985 subjicitur,
921 1914 991 1984 quia
1046 1916 1195 1972 Christum
1220 1916 1337 1985 habere,
1363 1918 1510 1988 subjecit:
1527 1918 1558 1973 Si
1579 1929 1669 1975 auteur
1694 1918 1818 1976 Christus
1840 1923 1873 1977 iu

166 2014 212 2071 lex
227 2013 277 2069 Dei
293 2027 357 2068 esse
374 2009 527 2082 probatur;
543 2005 689 2077 cupiditas
710 2019 787 2072 vero,
799 2019 864 2074 quae
882 2006 928 2059 est
944 2018 989 2058 sa·
1044 2005 1122 2060 uobis
1135 2009 1184 2073 est,
1201 2021 1299 2077 corpus
1313 2006 1422 2077 quidem
1436 2014 1579 2062 mortuum
1597 2010 1636 2063 eet
1648 2016 1759 2080 propter
1771 2025 1870 2082 pecca

167 2103 278 2177 pientia
288 2100 396 2166 carnis,
407 2115 465 2154 uon
477 2095 644 2166 subjicitur,
655 2092 805 2165 quonium,
818 2091 842 2147 si
853 2108 887 2148 ex
900 2091 991 2176 altera
1045 2105 1111 2165 tum,
1128 2098 1183 2150 etc.
1200 2094 1253 2149 Ubi
1271 2096 1432 2151 notandum
1448 2097 1518 2167 quia
1532 2113 1590 2152 nou
1610 2097 1661 2164 ait,
1678 2103 1797 2170 propter
1810 2102 1870 2155 ter·

166 2197 248 2264 parte
263 2190 360 2246 videet
371 2187 519 2259 justitium
530 2190 558 2240 et
572 2183 749 2255 equitatem,
759 2198 793 2237 ex
807 2181 899 2237 altera
913 2198 989 2237 corn·
1044 2199 1144 2238 renam
1160 2182 1348 2255 fragilitatem
1361 2201 1367 2250 ;
1385 2184 1498 2256 primus
1521 2185 1599 2240 euim
1624 2185 1710 2242 homo
1725 2203 1784 2243 nou
1802 2187 1869 2245 ideo

166 2281 287 2336 modum
307 2283 471 2342 terrenum3
498 2273 592 2344 magis
618 2273 672 2327 hoe
697 2270 818 2342 edipisci
843 2270 989 2326 desiderat
1044 2282 1177 2328 mortuus
1201 2273 1336 2344 estquis
1352 2274 1387 2328 de
1403 2279 1485 2328 terrea
1510 2274 1627 2344 pulvere
1641 2274 1735 2331 iactus
1749 2277 1868 2344 estred

168 2386 256 2441 quam
270 2366 417 2439 justitium
433 2368 461 2419 et
476 2362 643 2435 {equitatem
657 2374 783 2416 servare.
1043 2361 1112 2433 quia
1123 2361 1347 2432 peccavit.Tulis
1358 2378 1486 2434 numque
1497 2361 1582 2418 alteo
1594 2362 1757 2434 plasmatus
1767 2369 1813 2422 est
1823 2369 1866 2436 ut,

201 2457 258 2513 Sed
274 2456 343 2529 quid
368 2459 413 2510 est
437 2453 516 2524 quod
540 2448 677 2505 subditur
693 2465 699 2502 ε
715 2464 766 2503 uec
788 2447 863 2503 euim
881 2451 989 2519 potest?
1043 2449 1067 2505 si
1085 2466 1143 2505 nou
1159 2454 1302 2521 peccaret,
1318 2450 1354 2505 ad
1382 2450 1552 2521 angelorum
1578 2451 1761 2523 dignitatem,
1778 2454 1867 2511 etiam

167 2545 306 2617 Nunquid
323 2560 380 2598 uon
396 2545 491 2613 potest
505 2539 592 2595 homo
615 2537 721 2608 subjici
735 2535 792 2608 legi
810 2536 876 2591 bei?
892 2540 989 2591 Potest
1043 2537 1107 2593 sine
1133 2542 1235 2604 morte,
1252 2539 1399 2594 transiret.
1418 2538 1554 2594 Liberum
1576 2539 1683 2611 quippe
1710 2540 1867 2597 arbitrium

167 2635 284 2707 utique;
298 2634 347 2689 sed
365 2629 521 2704 prudentia
532 2627 628 2683 cernis
644 2643 701 2682 uon
716 2629 813 2697 potest
828 2642 834 2679 :
852 2629 895 2681 esi
909 2625 987 2680 enim
1042 2625 1085 2681 illi
1101 2643 1270 2682 concessum
1286 2631 1330 2682 est
1354 2630 1394 2691 ut,
1412 2627 1435 2681 si
1450 2626 1546 2697 vellet,
1563 2643 1620 2681 nou
1647 2632 1789 2698 peccaret,
1804 2628 1867 2686 imo

167 2722 275 2778 mentis
288 2719 436 2790 corruptio
451 2721 479 2773 et
490 2716 604 2781 vitium,
618 2730 675 2769 uon
688 2731 704 2768 a
716 2714 773 2768 Deo
784 2717 925 2778 creatum,
937 2713 987 2768 sed
1042 2731 1160 2787 peccare
1175 2732 1233 2770 uon
1255 2719 1363 2787 posset.
1380 2715 1535 2781 Quoniam,
1552 2731 1618 2770 curu
1642 2716 1868 2786 predestinatu-

167 2828 185 2866 a
200 2808 316 2866 diaholo
326 2808 495 2873 iuventum3
512 2804 598 2860 homo
609 2819 676 2859 vero
690 2802 787 2857 sanari
797 2802 866 2856 vitio
883 2806 985 2873 potest.
1041 2820 1107 2860 rum
1120 2820 1260 2859 numerus
1271 2809 1347 2860 esset
1358 2804 1507 2875 impletus,
1516 2804 1578 2876 lpse
1587 2820 1655 2859 oum
1664 2805 1802 2861 omnihus
1813 2807 1866 2878 qui

164 2898 274 2954 Verum
289 2896 359 2969 quid
375 2894 508 2967 estquod
523 2892 677 2948 subditur:
690 2893 741 2964 qui
755 2899 845 2946 uatem
858 2893 891 2946 iu
905 2906 988 2947 carue
1041 2910 1075 2950 ex
1094 2911 1127 2950 eo
1149 2897 1327 2962 crearentur,
1343 2894 1378 2947 ad
1404 2891 1574 2965 angelorum
1596 2892 1773 2950 soliditatem
1789 2895 1864 2968 (268)

163 2992 238 3056 aaut,
254 2988 306 3042 Deo
321 2987 428 3057 plaeere
441 2998 497 3038 nou
516 2983 649 3053 possunt?
668 2983 771 3035 Annon
788 2983 817 3034 et
829 2979 986 3050 Apostolus
1040 2983 1179 3039 transiret
1200 2999 1208 3037 ι
1233 2982 1294 3052 sed,
1311 2981 1381 3053 quia
1404 2981 1498 3054 magis
1522 2981 1610 3054 elegit
1633 2999 1753 3053 peccare
1776 2982 1861 3056 (269),

162 3084 191 3132 et
206 3074 331 3131 llomuui
346 3074 375 3128 in
391 3088 477 3129 cerne
497 3070 600 3126 eruut?
614 3072 656 3124 Au
681 3085 739 3124 uon
764 3084 866 3124 omnes
891 3068 984 3124 sancti
1039 3076 1173 3128 mortuus
1193 3075 1248 3137 est,
1263 3075 1291 3127 et
1315 3087 1426 3140 omues,
1439 3087 1513 3143 quos
1537 3071 1647 3144 genuit,
1662 3077 1796 3128 mortuus
1813 3088 1863 3144 ge-

164 3169 307 3236 martyres
317 3162 347 3217 in
358 3176 445 3217 cerne
459 3158 545 3232 positi
557 3164 612 3214 Deo
628 3155 882 3229 placueruutrSed
894 3132 1021 3212 scien·C
1039 3160 1117 3228 uuit;
1134 3162 1258 3233 ideoque
1284 3161 1325 3240 αἱ)
1347 3159 1526 3232 Apostolus:
1543 3161 1646 3231 Corpus
1669 3169 1811 3217 mortuum
1824 3169 1864 3218 ert

166 3253 236 3308 dum
247 3252 316 3324 quia
326 3249 368 3305 illi
379 3265 496 3306 caruem
513 3247 680 3319 portubaut;
694 3262 752 3302 uon
763 3245 955 3318 portabantur
969 3262 986 3301 a
1037 3255 1149 3323 propter
1162 3259 1302 3322 peecatum
1315 3249 1402 3321 (276).
1423 3249 1590 3307 Notandum
1611 3252 1657 3306 est
1680 3250 1768 3307 etiam
1793 3250 1865 3323 quia

165 3341 306 3396 camald
323 3354 409 3395 carue
427 3353 493 3393 uero
510 3335 550 3390 illi
565 3335 706 3405 sunt‚qui
721 3351 809 3406 opera
832 3334 985 3390 camisia·
1040 3356 1097 3395 non
1126 3338 1167 3394 uit
1193 3340 1371 3409 moriturum,
1394 3338 1444 3393 sed
1474 3340 1621 3404 mortuum,
1638 3338 1791 3410 quoniam,
1807 3338 1866 3395 etsi

164 3428 309 3499 ciunt,qui
335 3426 503 3481 carnalibus
526 3423 724 3495 voluptatibus
748 3422 942 3489 oblectantur,
959 3426 987 3478 et
1041 3444 1147 3500 corpus
1164 3428 1398 3498 uniuscujusque
1422 3427 1517 3482 vivere
1529 3427 1672 3498 videatur,
1685 3427 1749 3498 jam
1764 3431 1864 3485 tamen

165 3516 274 3571 idcirco
284 3519 342 3570 Deo
358 3513 471 3586 placere
487 3528 544 3567 non
562 3515 695 3584 possunt.
707 3511 747 3565 Ne
761 3527 829 3582 ergo
844 3510 988 3566 scandali·
1041 3520 1190 3571 mortuum
1207 3519 1261 3585 est,
1273 3514 1413 3585 quoniam
1427 3513 1456 3568 in
1472 3530 1505 3568 co
1521 3515 1646 3570 necdum
1662 3514 1801 3570 innovato
1814 3530 1866 3587 per

161 3609 300 3660 zareutur
313 3602 447 3669 Romani,
460 3604 598 3674 putantes
610 3598 780 3672 Apostolum
797 3599 905 3654 dixisse
920 3598 987 3656 illos
1041 3603 1296 3673 resurrectionem,
1308 3603 1417 3674 peccati
1432 3603 1582 3673 meritum,
1592 3603 1622 3658 id
1636 3608 1681 3660 est
1696 3604 1801 3659 mortis
1816 3619 1865 3660 ne·

162 3691 257 3750 solum
274 3691 333 3748 Deo
360 3690 484 3763 placere,
500 3690 548 3761 qui
570 3689 634 3760 jam
656 3688 861 3759 occubuerunt,
877 3688 986 3744 idcirco
1040 3692 1163 3749 cessitas
1178 3695 1285 3747 manet.

163 3782 298 3852 subjecit,
310 3780 409 3837 volens
421 3796 470 3835 eos
485 3779 521 3833 nd
538 3777 660 3832 meliora
674 3775 795 3832 incitare
806 3793 813 3832 :
826 3777 874 3832 Vos
895 3779 987 3832 nutem
1076 3783 1199 3854 spiritus
1222 3797 1284 3837 itero
1307 3785 1363 3837 vita
1387 3781 1461 3854 (271)
1487 3784 1597 3854 propter·
1623 3782 1863 3852 iustificationum.

159 3872 194 3927 iu
209 3886 293 3926 carue
306 3885 363 3927 uou
379 3871 453 3937 estis,
463 3867 509 3924 sed
524 3869 553 3923 iu
563 3867 673 3939 spiritu.
685 3867 717 3921 lu
734 3865 840 3938 spiritu
852 3871 921 3922 suut
935 3867 986 3938 qui
1039 3870 1284 3928 iustificationem
1294 3870 1453 3926 illamdicit
1463 3887 1527 3941 quae
1537 3870 1566 3925 iu
1579 3870 1725 3943 baptismo
1735 3870 1865 3928 celebra·

162 3976 250 4032 opera
265 3960 351 4027 bona,
363 3974 422 4015 non
437 3974 501 4026 suo,
515 3956 566 4013 sed
588 3955 683 4013 sancti
698 3955 825 4028 Spiritus
841 3956 985 4028 adjutorio
1039 3965 1097 4016 tur.
1107 3959 1212 4016 Anima
1223 3960 1302 4015 euim
1312 3959 1437 4031 alicujus
1448 3958 1542 4017 fidelis
1553 3959 1582 4014 in
1597 3959 1864 4033 baptismorelaxa·

161 4048 284 4121 implere
307 4064 395 4122 posse
419 4047 581 4104 confidunt.
598 4045 723 4117 ideoque
746 4045 899 4117 subjunxit
924 4063 930 4101 :
956 4046 987 4101 Si
1039 4050 1078 4105 tis
1092 4049 1230 4121 peccatis,
1240 4064 1291 4120 per
1305 4049 1428 4121 gratiam
1445 4049 1537 4104 sancti
1548 4049 1672 4120 Spiritus
1687 4048 1864 4120 vivificatur,

160 4142 253 4194 tumen
268 4138 343 4210 (265)
359 4136 480 4209 Spiritus
493 4137 545 4192 Dei
559 4136 664 4192 habitat
678 4136 708 4190 in
721 4134 814 4196 uobu:
835 4135 864 4190 id
889 4139 943 4207 eet,
960 4135 985 4190 si
1040 4139 1163 4210 ideoque
1178 4137 1237 4192 vita
1251 4143 1305 4193 est.
1321 4137 1375 4192 Sed
1397 4141 1531 4210 poterunt
1545 4138 1667 4194 Romani
1684 4138 1720 4194 ad
1742 4137 1804 4194 brec
1818 4137 1863 4194 di·

161 4225 271 4298 Spiritu
288 4226 339 4280 Dei
355 4225 521 4297 agitamini,
538 4225 564 4280 si
578 4224 689 4297 Spiritu
704 4222 755 4278 Dei
771 4223 926 4279 docemini.
1040 4242 1103 4284 cere
1116 4244 1122 4282 :
1135 4227 1205 4282 llece
1221 4225 1362 4297 Spiritum
1379 4226 1484 4283 Christi
1504 4226 1658 4293 hebemus,
1671 4227 1749 4299 quod
1765 4227 1864 4283 mani·

167 4341 168 4344 ¹
197 4313 300 4385 Igitur,
317 4329 354 4368 ue
370 4312 492 4368 Romani
513 4329 565 4384 pro
586 4327 674 4383 parvo
689 4311 829 4366 ducerent
844 4311 985 4383 Spiritum
1040 4319 1165 4374 testatur
1183 4331 1218 4372 ex
1243 4315 1358 4387 integra
1371 4319 1400 4370 et
1414 4314 1557 4372 catholica
1572 4317 1629 4371 lide
1652 4316 1761 4388 quein
1777 4315 1865 4373 uobis

160 4401 209 4458 Dei
238 4401 355 4470 hebere,
379 4399 564 4471 subjunxit:
590 4400 620 4455 Si
647 4401 708 4471 quis
732 4407 823 4456 aretem
850 4401 985 4473 Spiritum
1040 4409 1094 4477 est,
1106 4411 1135 4461 et
1150 4422 1184 4461 ex
1206 4402 1361 4460 dilectione
1371 4403 1504 4475 justitiae,
1526 4403 1595 4476 quid
1610 4404 1665 4460 erit
1680 4405 1716 4460 de
1728 4403 1866 4476 (272lilla

159 4492 262 4548 Christi
274 4507 333 4546 acu
357 4489 445 4557 habet,
464 4488 508 4544 bic
530 4505 586 4545 nou
610 4496 650 4545 est
674 4488 750 4560 eius:
767 4503 800 4545 ao
815 4489 840 4544 si
856 4491 965 4548 diceret
981 4510 988 4550 :
1003 4488 1027 4553 Ι)
1043 4492 1348 4560 carnemortali,etde
1359 4491 1421 4566 lege
1432 4494 1590 4564 quaestin
1602 4493 1866 4551 memhrisuostris

194 4598 269 4669 (2362)
285 4601 318 4652 ln
334 4600 433 4667 autog.
449 4612 544 4669 marg.
559 4612 583 4650 c.
601 4595 671 4651 xlx.
1085 4603 1139 4657 266
1164 4598 1250 4671 vulg.
1265 4614 1415 4654 emmonem
1431 4615 1531 4654 rreum.

196 4670 271 4738 (263)
296 4668 383 4741 Vulg.
413 4684 470 4722 nou
501 4667 634 4723 mandata
661 4682 740 4734 meo,
770 4667 820 4722 sed
848 4684 984 4726 sermones
1084 4675 1137 4728 267
1161 4671 1192 4726 In
1208 4674 1308 4741 autog.
1325 4669 1427 4740 dilipit.

160 4756 243 4796 uuor.
1075 4746 1148 4817 (268)
1164 4740 1358 4806 soliditatem,
1374 4741 1403 4796 id
1419 4744 1464 4796 est
1477 4742 1568 4798 vitam
1582 4745 1730 4809 aeternam,
1743 4741 1865 4798 immae

196 4812 272 4882 (264)
285 4808 371 4881 Vulg·
387 4829 444 4869 uon
458 4819 498 4868 etl
510 4811 641 4881 subjectu.
1039 4815 1215 4880 uescihilem,
1231 4817 1259 4868 et
1275 4812 1330 4867 huc
1351 4829 1439 4867 seusu
1455 4813 1590 4879 solidum,
1608 4814 1665 4870 uisi
1686 4815 1863 4882 felicitatem,

196 4882 270 4956 (265)
286 4881 361 4936 Sunt
371 4887 399 4937 et
410 4883 457 4939 ulii
469 4888 565 4939 textus
580 4881 640 4953 qui,
653 4880 749 4937 locosi
764 4888 865 4950 tumeo,
875 4880 984 4939 habeut
1037 4888 1081 4944 vel
1095 4886 1260 4943 soliditatem
1276 4883 1362 4939 scribi
1379 4884 1516 4940 debuisse
1531 4885 1580 4940 alii
1591 4885 1736 4955 Judiceut,
1753 4885 1805 4940 ubi
1819 4888 1864 4941 ta-

160 4956 186 5011 si
200 4953 326 5027 quidem:
342 4969 405 5023 quta
422 4959 497 5010 certe
515 4953 605 5035 ¹lectio
628 4969 766 5035 magnam
790 4953 984 5035 differentium
1039 4976 1105 5017 meu
1121 4958 1294 5013 soriolitutem
1308 4953 1469 5010 clarissime
1485 4956 1616 5038 legitur..

1121 5034 1126 5063 l

161 5025 984 5178 ttttttttttt,tiittttttttttttttttttt
1074 5030 1149 5172 itti
1164 5030 1548 5171 lutitiutt⁶⁰ttdtt
1562 5027 1707 5171 teitu,
1731 5096 1864 5154 iniust,

164 5174 320 5236 assereret;
338 5170 507 5225 adverbium
521 5185 588 5223 vero
603 5169 631 5223 si
643 5167 762 5239 quedem,
774 5183 799 5221 si
815 5170 983 5238 separatim,
1038 5175 1140 5232 litterae
1153 5171 1276 5241 hujusce
1291 5174 1387 5226 textus
1399 5168 1441 5225 itu
1457 5187 1463 5225 z
1481 5188 1517 5225 m.
1534 5187 1557 5225 c.
1572 5187 1600 5241 p.
1613 5187 1641 5241 p.

163 5240 192 5295 id
209 5246 254 5295 est
269 5240 360 5296 diviso
375 5243 402 5296 si
416 5257 433 5296 a
447 5240 557 5313 quidem
567 5243 711 5321 sumatur,
722 5237 870 5320 idemuetsi
886 5239 984 5321 minus
1073 5244 1148 5314 (271)
1163 5241 1260 5322 Vulg,
1276 5239 1337 5321 loco
1361 5242 1428 5309 vitu,
1444 5241 1515 5315 legit
1529 5243 1612 5303 uuit;
1626 5245 1697 5297 sunt
1718 5236 1864 5297 tameue't

165 5316 253 5376 arete,
267 5311 432 5382 siguificare
447 5316 559 5384 posset;
577 5327 634 5366 non
651 5313 690 5364 ria
712 5324 789 5373 vero,
804 5324 864 5366 uuo
888 5310 985 5366 diver-
1038 5316 1088 5372 alii
1103 5318 1211 5378 textus,
1227 5328 1256 5366 ru
1272 5312 1379 5382 quihus
1394 5311 1501 5384 legitur
1514 5313 1571 5368 uita
1589 5320 1635 5368 ert.

164 5397 231 5438 sum
246 5383 366 5438 omnino
380 5400 501 5441 sensum
525 5382 679 5438 sortiretur
699 5384 812 5445 textus;
828 5379 852 5435 si
878 5382 984 5439 unitim
1074 5385 1148 5458 (272)
1164 5385 1195 5439 ln
1211 5387 1335 5455 autogr,
1352 5381 1414 5439 locu
1440 5384 1476 5439 de
1498 5383 1604 5466 legitur
1617 5385 1671 5448 die,
1689 5382 1768 5510 (huod
1789 5396 1862 5439 sane

162 5451 299 5524 siquidem
316 5452 471 5525 legeretur,
487 5454 565 5527 quod
589 5450 756 5507 absolutum
771 5466 892 5532 sensum
908 5453 985 5511 lace·
1038 5457 1146 5531 optime
1161 5454 1217 5527 legi
1229 5461 1336 5527 posset,
1350 5455 1374 5511 si
1387 5461 1551 5527 prepositae
1564 5455 1606 5524 de,
1617 5472 1681 5528 que
1717 5459 1781 5512 east
1793 5455 1863 5513 aute

162 5530 215 5591 ret,
227 5523 256 5578 id
271 5526 316 5577 est
332 5523 477 5583 Romanos
489 5526 519 5581 iu
535 5524 640 5597 spiritu
656 5537 719 5578 vere
735 5524 846 5593 positos
860 5540 935 5590 esse,
947 5527 984 5582 si·
1038 5529 1159 5588 verbum
1174 5543 1257 5585 carne
1270 5525 1436 5585 adderetur.

161 5595 293 5679 quidem,
307 5592 336 5649 id
352 5600 397 5652 est
410 5597 480 5672 quia
493 5597 620 5671 Spiritus
635 5594 685 5653 Dei
701 5592 847 5654 habitaret
860 5595 954 5656 ineis.
