3908 6096
146 257 205 318 ⁴83
652 254 820 317 arronis
843 252 1135 316 VDRGDLLDNSIS
1157 251 1334 314 DPlSCOPl
1787 250 1848 312 184

146 391 242 452 testat,
261 405 316 442 noo
341 392 386 442 est
406 370 560 460 insipiens,
576 390 605 442 et
628 385 680 457 qui
701 385 827 442 occultat
849 404 893 455 aa,
910 403 968 443 uon
983 388 1010 454 Α
1026 404 1060 441 ex
1072 385 1188 458 vipereo
1201 383 1334 441 veneno?
1356 383 1447 440 Datus
1461 385 1507 438 est
1520 381 1598 439 enim
1622 380 1692 438 huin
1706 381 1847 440 stimulus

146 483 191 534 est
204 452 387 546 imprudens.
404 476 562 548 Sequitur:
580 477 668 531 Porro
681 479 782 532 autem.
800 476 967 531 Notandum
1023 474 1274 546 concupiscentie,
1301 478 1333 528 ut
1359 471 1550 544 expelleretur
1578 470 1714 527 elationis
1735 475 1845 539 tumor,

146 565 215 638 quia
245 566 340 620 multo
365 566 477 637 maj0ra
501 568 619 620 noverat
640 563 808 635 Apostolus,
833 581 907 635 qua,
932 581 968 620 ne
1021 563 1107 619 datus
1122 568 1166 619 est
1187 564 1321 630 Satanas,
1337 567 1370 617 ut
1392 565 1579 633 superaretur
1592 564 1725 615 Satanm
1740 561 1782 616 Ac
1796 577 1847 634 per

144 653 243 710 extolli
258 654 415 725 videretur,
432 651 526 708 noluit
549 653 716 719 ostendere,
737 657 766 708 et
791 653 855 708 ideo
871 652 965 708 dicit:
1021 651 1076 706 boc
1104 652 1147 707 sic
1175 651 1321 722 perforata
1349 654 1394 705 est
1424 648 1542 705 maxilla
1568 648 1728 705 Bebemotb
1758 649 1844 724 (782),

144 743 486 811 Pareountem,bocest,
503 740 823 813 celo.Quare‘lNequis
836 742 965 798 meeeir·
1020 741 1097 811 quod
1119 745 1164 796 est
1191 738 1417 806 diaboli:uam,
1434 738 1508 794 sicut
1537 737 1609 794 dicit
1635 738 1741 794 beatus
1769 755 1844 811 papa

143 835 222 889 timet
235 850 317 904 supro
332 831 362 886 id
376 830 447 902 quod
462 830 534 886 uidet
551 847 595 888 me
610 832 693 903 (779),
710 829 841 886 videlicet
856 830 884 885 in
900 846 966 902 ope·
1019 828 1186 901 Gregorius,
1203 830 1281 884 unde
1305 827 1439 895 conterit,
1456 826 1524 882 inde
1546 826 1654 895 salvat,
1671 827 1743 900 quia
1766 829 1843 886 unde

142 914 264 988 ratione,
278 924 325 975 out
339 920 416 975 ondit
437 920 545 992 aliquid
568 936 603 976 ec
626 937 679 987 me,
695 919 805 975 scilicet
819 919 849 975 in
863 919 965 991 predi·
1017 922 1111 974 tentat
1126 927 1253 989 sanctos,
1267 923 1300 973 ut
1313 917 1415 989 perdat
1428 914 1538 984 volans,
1550 913 1618 972 inde
1632 915 1774 986 probatos
1786 915 1842 974 sal·

141 1012 264 1068 catione.
282 1014 388 1064 Beatus
417 1025 494 1080 papa
522 1008 680 1081 Gregorius
704 1008 785 1074 dicit,
810 1008 879 1080 quia
908 1008 963 1064 sub
1017 1007 1218 1083 vatnolens„

139 1115 248 1169 magna
269 1097 451 1168 providentia
466 1097 541 1169 (780)
556 1114 640 1153 suam
663 1097 836 1169 temperavit
862 1098 964 1169 prndi-
1052 1097 1207 1168 Sequitur:
1230 1099 1343 1168 Propter
1356 1094 1428 1167 quod
1439 1096 1482 1150 ter
1500 1095 1649 1150 Dominum
1662 1096 1772 1164 reponi,
1788 1101 1841 1152 eto.

136 1187 281 1243 cntionem
299 1204 305 1242 :
322 1203 389 1242 nam
406 1187 540 1259 quadam
556 1187 629 1243 dixit
650 1192 769 1259 propter
791 1203 861 1242 suos
875 1184 961 1242 audi·
1015 1185 1045 1240 Si
1061 1185 1138 1241 enim
1155 1186 1277 1258 rogavit,
1289 1190 1317 1240 at
1328 1201 1385 1240 non
1396 1187 1441 1240 est
1453 1183 1620 1249 exauditus,
1631 1183 1683 1239 ubi
1694 1187 1752 1250 ast,
1763 1185 1841 1256 quod

134 1280 223 1344 tores,
242 1276 376 1347 quedam
399 1276 499 1342 tacuit,
516 1292 552 1330 na
578 1275 650 1346 ipsis
674 1274 773 1330 extolli
797 1274 959 1343 videretur3
1014 1274 1156 1331 Dominus
1172 1275 1213 1329 ait
1228 1292 1235 1330 :
1251 1275 1402 1345 Antequam
1415 1289 1459 1328 rne
1478 1274 1615 1338 invocetis,
1632 1273 1725 1329 dirum
1739 1274 1841 1331 undu:

134 1366 268 1437 quadam
295 1364 378 1431 dixit,
395 1370 427 1420 ut
456 1364 519 1420 suis
541 1364 631 1420 vitam
656 1363 807 1433 tribueret,
825 1365 959 1435 quedam
1014 1363 1193 1429 Adrumeto,
1214 1364 1276 1434 (leo.
1294 1362 1425 1434 ινιιι,9);
1442 1361 1841 1436 οῐίῑοιοεθιωιῑειιιιᾳιωρο-

132 1471 198 1510 vero
214 1455 316 1520 tacuit,
334 1459 366 1508 ut
381 1453 438 1509 sibi
454 1470 537 1508 suam
555 1453 691 1508 salvaret.
1013 1453 1126 1517 tieritir,
1150 1452 1219 1508 dodo
1234 1453 1309 1508 vobis
1320 1456 1332 1506 t
1344 1451 1456 1520 (Muttlt.
1473 1468 1533 1521 xxr,
1548 1451 1598 1519 22;
1612 1452 1692 1507 loon.
1707 1467 1769 1518 xrv,
1784 1453 1841 1521 13.)

169 1543 309 1614 Sequitur
334 1560 340 1597 :
366 1543 404 1598 Ne
427 1542 589 1611 mopnitudo
616 1541 817 1598 revelationum
844 1542 958 1597 rxtettut
1012 1539 1151 1612 Nunquid
1167 1558 1225 1597 noo
1241 1557 1370 1612 presens
1391 1544 1464 1606 erat,
1480 1541 1551 1595 dum
1567 1555 1625 1594 non
1640 1540 1840 1598 exaudiebat?

131 1648 183 1696 rne,
200 1637 255 1687 etc,
271 1632 440 1687 Notandum
464 1631 604 1702 quoniam
631 1648 688 1687 non
713 1631 957 1702 dicit,quiama·
1011 1628 1079 1684 Drat
1108 1631 1220 1702 utique,
1236 1629 1323 1686 veluti
1352 1628 1495 1695 medicus,
1515 1628 1566 1700 qui
1595 1634 1709 1685 resecat
1732 1629 1838 1687 vulnus

130 1720 254 1792 gnitudo
276 1720 487 1776 revelationum
501 1719 605 1775 extulit
620 1736 676 1785 ma,
692 1719 753 1785 sed,
768 1735 804 1774 ne
826 1719 956 1780 extollat:
971 1760 995 1826 B
1011 1718 1131 1784 inllrmi,
1148 1735 1215 1775 cum
1239 1719 1376 1774 intlrmus
1400 1718 1455 1773 sub
1480 1717 1618 1773 manibus
1637 1719 1703 1789 ejus
1718 1717 1837 1787 clamat,

131 1809 271 1880 quoniam
287 1825 345 1863 non
363 1809 426 1864 ideo
446 1809 525 1863 datus
540 1813 590 1874 est,
607 1814 639 1863 ut
661 1807 754 1880 culpa,
772 1824 835 1879 quaa
850 1807 954 1879 iuerat,
1011 1806 1106 1879 magis
1120 1824 1248 1878 praesens
1264 1808 1349 1864 adeat
1369 1823 1426 1863 non
1450 1806 1606 1879 parcendo,
1622 1822 1714 1878 quam
1729 1807 1755 1863 ai
1770 1825 1836 1881 par-

129 1901 303 1970 targeretur,
320 1897 381 1967 aad,
398 1913 461 1968 qun
481 1897 579 1953 inesse
596 1900 718 1969 poterat,
734 1900 954 1968 precaveretur.
1010 1901 1103 1965 ceret;
1125 1896 1261 1952 similiter
1275 1900 1304 1953 et
1319 1897 1463 1952 Dominus
1478 1895 1573 1967 magia
1598 1910 1729 1965 presens
1745 1896 1838 1953 adtuli

130 1985 204 2042 lllud
234 1992 332 2042 autern
361 1986 515 2042 sciendum
544 1986 624 2057 quin,
648 1986 725 2040 sicut
753 1984 824 2040 dicit
852 1985 955 2040 beatus
1011 2001 1068 2040 oon
1093 1986 1286 2055 exaudiendo,
1303 1983 1703 2058 quamsiexaudiret:nam
1728 1986 1753 2041 si
1778 2002 1834 2042 non

129 2093 205 2148 papa
229 2075 397 2148 Gregorius,
413 2077 490 2131 Deus
517 2075 571 2130 sub
595 2075 715 2147 provida
736 2075 955 2146 dispensatione
1010 2074 1156 2129 exaudivit
1174 2075 1211 2130 ad
1235 2078 1346 2139 votum,
1362 2073 1508 2129 exaudivit
1521 2077 1621 2129 tamen
1643 2073 1681 2129 ad
1697 2072 1833 2132 salutem.

129 2167 219 2221 corda
239 2181 360 2220 suorum
376 2165 507 2236 disponit
521 2170 701 2219 sanctorum.
718 2165 819 2235 ltaque
842 2163 883 2218 sic
905 2179 955 2218 eoa
1010 2161 1102 2234 lingis
1117 2163 1196 2217 enim
1212 2162 1356 2217 exaudivit
1371 2162 1473 2230 istum,
1485 2177 1574 2232 quam
1589 2161 1749 2234 demones,
1761 2179 1832 2235 quos

131 2250 346 2324 multiplicibus
362 2253 424 2307 suis
447 2252 532 2306 donis
548 2253 632 2322 ditat,
648 2257 676 2307 et
691 2252 853 2307 multorum
867 2251 953 2306 vitio·
1009 2250 1122 2306 dimisit
1136 2251 1177 2307 ire
1192 2251 1221 2306 in
1238 2267 1341 2323 porcos
1356 2252 1464 2323 (ttuttlr.
1480 2267 1543 2318 vui,
1560 2250 1614 2318 303
1631 2253 1722 2307 lim.
1736 2269 1766 2322 v,
1783 2255 1832 2322 11;

131 2357 197 2396 rum
216 2341 342 2396 victores
364 2357 428 2396 esse
451 2341 550 2407 douai,
567 2345 599 2394 ut
622 2339 722 2412 aliqua
745 2341 774 2394 iu
799 2341 842 2395 eis
865 2339 952 2409 sinat,
1008 2343 1073 2395 tue.
1089 2356 1151 2406 viu,
1171 2341 1227 2410 32).

129 2435 230 2486 contra
245 2446 309 2500 quae
325 2445 456 2501 pugnare
471 2429 609 2499 sentiant,
625 2434 654 2484 et
668 2429 864 2500 experiantur,
881 2446 953 2501 qua.
1043 2429 1200 2501 Sequitur:
1212 2428 1323 2502 Suspicit
1337 2430 1389 2485 tibi
1402 2431 1576 2502 protiomee,
1588 2430 1674 2504 quasi
1689 2430 1830 2490 dixisset:

127 2524 216 2576 tenus
230 2520 301 2575 dum
317 2535 404 2590 parva
419 2534 558 2590 superare
574 2522 733 2590 nequeunt,
747 2524 907 2589 agnoscant
921 2535 953 2575 se
1006 2516 1049 2572 Tu
1069 2516 1196 2585 laboras,
1212 2521 1244 2573 tu
1269 2517 1396 2585 benitas,
1411 2522 1442 2574 tu
1467 2519 1554 2575 times
1576 2537 1615 2576 ne
1638 2535 1752 2592 perenm
1778 2519 1832 2581 sed

124 2625 182 2662 non
216 2606 278 2663 sois
300 2607 413 2663 viribus
428 2623 535 2679 magua
551 2621 716 2678 superasse,
734 2608 825 2661 instar
852 2606 951 2677 populi
1006 2605 1178 2662 sullicittibi
1190 2606 1284 2678 gratia
1294 2623 1369 2674 mea,
1381 2607 1410 2663 ld
1422 2613 1468 2663 est
1478 2607 1587 2664 sufficit
1595 2607 1649 2664 tibi
1660 2609 1785 2676 vocatio,
1795 2625 1829 2666 no

128 2694 229 2765 lsrael,
244 2695 295 2765 qui
322 2694 422 2750 moltis
446 2695 583 2767 gentibus
606 2694 818 2759 exterminatis,
843 2693 950 2749 Pbilis·
1006 2694 1223 2765 praedestinatio
1246 2711 1312 2751 mea
1328 2712 1334 2751 :
1352 2697 1577 2768 praedestinatus
1595 2713 1637 2766 es,
1653 2698 1751 2770 perire
1771 2714 1827 2755 non

128 2784 192 2838 tiim
208 2784 403 2838 exterminare
418 2784 626 2856 nequiverunt3
638 2784 716 2838 unde
729 2782 871 2854 scriptum
886 2787 948 2838 est:
1005 2782 1112 2853 poteris
1124 2784 1213 2852 (783);
1224 2789 1253 2838 et
1266 2784 1331 2840 ideo
1346 2784 1404 2841 noli
1420 2784 1522 2841 timere
1534 2802 1541 2841 ε
1552 2787 1722 2843 Numvirtue
1736 2788 1769 2842 in
1783 2789 1826 2843 in·

127 2872 225 2928 lletieii
238 2880 302 2928 runt
325 2870 490 2939 Plritistrim,
507 2873 536 2928 ut
553 2873 726 2943 experiretur
740 2873 824 2927 irruet
845 2871 948 2939 (tudio.
1003 2870 1135 2940 firmitate
1146 2873 1307 2942 perficitur:
1323 2873 1376 2929 hoo
1397 2878 1453 2946 eat,
1465 2876 1536 2945 quia
1558 2892 1616 2947 quo
1630 2875 1728 2948 magis
1741 2875 1824 2933 bomo

126 2978 169 3027 ιιι,
185 2962 224 3033 l).
240 2962 275 3016 Ε)
298 2960 353 3017 hoc
378 2961 530 3018 sciendum
550 2962 619 3034 quia
634 2960 763 3032 quinque
787 2960 882 3016 modis
896 2960 948 3016 lla·
1003 2961 1256 3030 persecutionibus
1270 2962 1415 3029 atteritur,
1427 2978 1460 3018 eo
1476 2963 1570 3036 magis
1587 2963 1823 3038 revelaturUtil).

123 3049 212 3123 gellat
231 3050 307 3107 Deus
323 3051 480 3120 bominem,
497 3052 620 3123 quadiu
637 3051 691 3106 boc
714 3049 777 3106 loco
801 3053 948 3106 monstra·
1038 3049 1177 3122 Sequitur
1190 3066 1197 3105 :
1210 3050 1430 3121 libenteripitur
1442 3052 1640 3122 ptoricbomc
1653 3052 1821 3122 sidixisaet;

123 3144 180 3195 tur.
961 3126 982 3193 C
1001 3138 1071 3211 quia
1085 3137 1187 3194 audire
1198 3139 1345 3210 promerui
1358 3140 1498 3211 quoniam
1509 3140 1602 3197 virtus
1613 3140 1644 3197 in
1656 3141 1822 3199 infirmitate

158 3228 408 3300 Sequitur:Dutus
418 3233 459 3285 est
470 3230 541 3284 mitri
553 3230 682 3285 stimulus
694 3230 786 3284 curnis
801 3243 877 3296 mese,
890 3231 945 3284 etc.
1001 3227 1160 3298 perficitur,
1184 3227 1325 3298 ptoriolror
1346 3245 1393 3299 epo
1418 3229 1533 3285 libenter
1555 3232 1586 3285 in
1613 3230 1822 3300 infirmitatibus

124 3320 157 3371 In
173 3316 228 3372 boc
241 3316 304 3373 loco
315 3316 421 3373 diversi
437 3318 551 3374 diverso
565 3317 705 3384 sentiunt,
717 3317 766 3373 alii
778 3333 828 3389 per
843 3317 947 3372 stimu·
999 3316 1077 3372 meis.
1094 3316 1208 3380 Ouare‘l
1225 3317 1256 3373 tlt
1272 3316 1409 3373 inhabitet
1418 3319 1449 3372 in
1464 3333 1507 3373 me
1520 3319 1608 3373 rrirtus
1623 3317 1744 3376 Ctrr'sti.
1761 3324 1822 3377 Pro·

123 3403 186 3459 lum
207 3421 370 3475 pressuras,
387 3404 435 3460 alii
460 3405 565 3476 capitis
589 3406 713 3470 dolores,
730 3405 864 3461 nonnulli
879 3421 946 3461 vero
999 3413 1059 3477 pter
1070 3404 1140 3477 quod
1152 3405 1248 3476 pterea
1262 3405 1343 3468 retii,
1356 3411 1410 3462 etc.
1423 3405 1541 3462 Dixerat
1556 3408 1714 3479 superius:
1732 3409 1820 3466 diter

123 3492 221 3547 carnis
247 3491 414 3564 intelligunt
442 3493 720 3565 concupiscentiam.
755 3493 946 3549 beatissimus
1000 3503 1041 3549 ter
1056 3493 1207 3562 ploricbor,
1224 3497 1290 3560 otor
1307 3493 1372 3550 ideo
1387 3494 1559 3566 subjunxit:
1571 3497 1688 3568 Propter
1703 3495 1819 3571 quodid

123 3595 191 3634 vero
213 3580 406 3652 augustiuus,
423 3582 472 3653 qui
497 3581 573 3636 inter
587 3587 708 3637 cunctos
730 3581 866 3637 Romans
886 3580 944 3636 elo·
999 3587 1043 3638 est
1058 3585 1176 3653 propter
1199 3581 1265 3648 hoc,
1281 3583 1358 3654 quod
1373 3582 1466 3639 virtus
1489 3583 1519 3638 in
1542 3584 1718 3642 infirmitate
1738 3585 1818 3660 perd·

123 3667 250 3739 quentin
266 3670 398 3724 doctores
413 3669 567 3725 facundior
580 3669 700 3739 exstitit,
712 3670 754 3725 sic
765 3668 944 3726 ait:Paulus
998 3672 1085 3736 citur,
1113 3670 1210 3742 placeo
1234 3671 1314 3739 milri,
1343 3676 1398 3728 etc.
1427 3672 1732 3730 Animadvertendum
1758 3668 1826 3748 quia'

121 3755 286 3828 discipulus
310 3755 501 3824 Christiano
527 3758 662 3830 Pelagius
687 3757 850 3831 discipulus
866 3758 944 3813 auti·
999 3759 1092 3815 multa
1106 3759 1217 3816 dixerat
1239 3760 1376 3832 superius
1393 3778 1399 3816 :
1417 3762 1550 3833 quedam
1574 3762 1664 3818 etiam
1689 3763 1817 3821 diuturne

119 3843 234 3913 christi,
250 3846 322 3901 dicit
336 3847 392 3902 sibi
407 3847 504 3903 inesse
520 3847 631 3903 malum
648 3848 900 3919 concupiscentis,
915 3853 946 3904 et
998 3854 1060 3904 erat
1080 3849 1109 3904 in
1134 3850 1336 3921 sequentibus,
1352 3852 1401 3906 sed
1424 3855 1483 3906 tam
1509 3848 1569 3918 illa,
1584 3867 1650 3924 qun
1674 3853 1816 3926 superine,

119 3933 670 4007 apertissimisverbisconcupiacentiae
679 3938 790 3993 malum
800 3936 942 3993 ostendit:
998 3939 1201 4010 quamquain
1213 3938 1415 4011 sequentibus,
1426 3938 1585 4010 prevalent
1599 3938 1779 3999 infirmitati.
1789 3941 1817 3997 El

119 4027 148 4078 et
163 4039 230 4078 cum
244 4040 304 4079 sus
320 4025 416 4080 carnis
427 4024 618 4097 incentivum,
630 4026 724 4082 etsibi
736 4025 818 4081 civile
833 4025 943 4081 ballum
998 4028 1067 4100 quia
1081 4027 1141 4093 illa,
1153 4044 1216 4099 qua
1233 4027 1368 4098 superius
1383 4029 1503 4096 dixerat,
1514 4029 1639 4085 attinere
1652 4030 1690 4085 ad
1706 4030 1816 4088 lauden

120 4110 216 4168 inesse
229 4119 409 4185 agnosceret,
422 4113 536 4169 nullum
548 4114 698 4170 inveniens
713 4113 809 4169 locum
821 4115 943 4170 evaden-
996 4114 1077 4171 illius
1091 4116 1182 4172 videri
1198 4120 1342 4187 poterant,
1359 4116 1465 4172 idcirco
1486 4116 1586 4172 oculos
1608 4117 1721 4176 mantia
1735 4119 1765 4175 in
1778 4117 1816 4174 in·

120 4199 160 4269 di,
179 4200 234 4256 nisi
250 4202 345 4272 gratia
368 4201 419 4257 Dei
434 4202 616 4273 exclamavit,
636 4203 737 4258 dicens
750 4221 756 4257 ι
771 4202 873 4274 lnsetic
894 4217 943 4272 epe
998 4204 1166 4259 llrmitatem
1181 4203 1286 4270 lnllxit,
1297 4205 1383 4277 cujus
1394 4205 1513 4262 nomine
1525 4205 1712 4264 infirmitatis
1726 4205 1818 4266 omnin

119 4287 206 4357 (ilem.
222 4305 272 4355 vu,
292 4290 349 4361 24),
363 4296 416 4345 etc.
433 4291 504 4346 Doce
526 4290 581 4347 iste
604 4290 746 4348 intellexit
769 4308 801 4347 se
824 4291 942 4348 nonnisi
997 4291 1134 4365 praedicta
1157 4291 1386 4364 comprehendit.
1403 4294 1434 4350 ln
1458 4295 1644 4366 contumeliis,
1660 4295 1691 4352 id
1707 4294 1816 4354 estnon

117 4376 210 4447 gratio
226 4377 275 4432 Doi
291 4376 419 4433 liberari.
434 4377 567 4450 Pelagius
582 4395 650 4434 vero
665 4381 727 4436 suis
741 4379 852 4436 viribus
867 4397 899 4437 se
913 4385 942 4437 et
995 4381 1025 4436 in
1041 4381 1170 4450 bonore;
1186 4383 1216 4437 in
1230 4383 1449 4450 necessitutibus,
1464 4383 1491 4439 id
1514 4389 1560 4440 est
1573 4400 1632 4439 non
1646 4384 1678 4441 in
1694 4385 1817 4455 divitiis3

117 4463 228 4520 malurn
249 4466 391 4533 deserere,
408 4471 437 4523 et
450 4467 491 4537 ,ad
518 4468 627 4523 bonum
651 4485 826 4542 consurgere
855 4486 941 4542 posse
956 4494 980 4557 D
995 4472 1025 4526 in
1039 4471 1284 4541 persecutionibus,
1299 4471 1327 4526 id
1344 4477 1459 4528 estnon
1476 4472 1505 4528 in
1521 4472 1633 4544 requie,
1644 4473 1691 4530 vel
1706 4475 1819 4549 refrige-

116 4552 218 4608 credit.
239 4555 277 4610 Ne
290 4556 451 4624 rnoqnitudo
474 4557 681 4623 revelationem,
698 4563 751 4613 etc.
765 4558 839 4613 Dicit
863 4559 940 4615 idem
996 4559 1054 4627 rio,
1072 4561 1103 4614 in
1115 4562 1265 4632 anqustiis,
1278 4560 1307 4615 id
1320 4564 1432 4616 estnon
1446 4560 1571 4617 elatione
1586 4561 1631 4618 vel
1646 4561 1818 4633 altitudine:

116 4640 180 4712 ipse
189 4644 372 4715 Augustinus
384 4644 426 4700 :O
442 4649 536 4700 terror
548 4650 576 4700 et
590 4646 713 4701 tremori
725 4646 867 4718 quiajam
883 4664 941 4703 non
992 4664 1043 4719 pro
1067 4648 1183 4715 Christo,
1199 4648 1228 4703 id
1252 4654 1297 4704 est
1319 4664 1377 4703 non
1402 4666 1454 4720 pro
1478 4650 1606 4723 flagitiis,
1623 4649 1667 4707 vel
1695 4652 1819 4726 pecatis

116 4727 222 4785 timeat
244 4731 352 4799 extolli,
370 4733 395 4788 si
411 4733 490 4801 talis,
507 4739 536 4790 ot
558 4738 658 4790 tantus
674 4736 757 4790 timet
772 4751 808 4790 ne
823 4736 942 4807 extolla-
994 4735 1053 4793 iata
1066 4736 1207 4803 sustineo,
1220 4738 1468 4808 quemadmodum
1481 4738 1608 4797 latrones
1623 4739 1755 4799 haretici
1769 4756 1819 4815 pa·

115 4821 175 4873 tur.
188 4817 348 4891 Sequitur:
365 4823 453 4878 Dolus
467 4826 505 4878 est
520 4825 590 4878 mitri
605 4824 742 4887 stimulus,
754 4828 808 4880 eto.
819 4825 940 4882 Antido-
995 4826 1119 4882 tiuntur.
1141 4825 1222 4881 Unde
1247 4826 1389 4882 Dominus
1405 4845 1412 4883 :
1428 4829 1516 4891 Beati,
1532 4831 1581 4902 qui
1600 4831 1820 4901 pertenuem

116 4908 181 4962 tum
197 4905 336 4981 salutare,
354 4926 411 4981 quo
427 4917 585 4983 suparatur
599 4929 753 4983 venenum,
765 4917 793 4969 et
807 4914 884 4984 quod
900 4914 942 4970 di·
992 4917 1138 4988 potiuntur
1149 4914 1233 4986 (785),
1249 4921 1303 4971 etc.

115 5011 180 5052 cam
196 4996 252 5054 boc
265 5014 331 5055 esse
346 4999 403 5055 uisi
419 4998 582 5057 theriacum
597 5002 681 5075 (781),
694 5003 771 5075 quod
787 5003 942 5061 conficitur
1031 5006 1099 5060 cum
1119 5005 1193 5060 enim
1217 5005 1356 5076 infirmor,
1369 5010 1424 5061 etc.
1438 5007 1495 5063 Iste
1518 5008 1608 5080 anim,
1620 5025 1679 5082 quo
1694 5007 1820 5067 verberi·

161 5213 226 5280 779)
241 5212 328 5288 Vulg.
344 5217 374 5271 in
388 5233 441 5272 me.
994 5223 1113 5282 nomina
1127 5220 1305 5296 intelligunt.

162 5283 226 5350 780)
244 5286 326 5343 Forte
339 5288 511 5374 prudentio.¹
1031 5297 1105 5369 (783)
1115 5294 1207 5351 Valde
1222 5296 1350 5352 notanda
1363 5298 1461 5366 verba,
1472 5313 1536 5370 que
1551 5296 1821 5371 prndeatlnatlonie

153 5353 229 5423 (781)
243 5355 274 5411 ln
290 5366 358 5414 auto
382 5400 388 5413 .
405 5361 599 5417 Susidrrocum.
993 5368 1053 5423 vim
1069 5372 1129 5423 tam
1145 5365 1222 5422 clare
1237 5368 1449 5423 demonstrant.

154 5426 229 5494 (782)
242 5427 289 5482 tol
304 5445 348 5496 xc,
360 5376 395 5486 ld
409 5437 437 5488 et
453 5448 514 5504 aeq.
527 5433 684 5489 Debamoth
703 5432 812 5490 animal
828 5436 940 5520 grande
1040 5439 1104 5510 784)
1121 5442 1228 5511 Autog.
1245 5441 1390 5496 revelatur.

118 5493 178 5550 nive
192 5492 387 5570 elephantem,
403 5504 464 5560 sive
487 5503 578 5572 aliud,
590 5504 723 5633 generice
743 5504 882 5565 Hebraico
897 5507 937 5564 si·
1041 5511 1105 5581 785)
1121 5509 1216 5566 ltuttlt.
1236 5527 1266 5583 v,
1283 5511 1326 5577 10,
1352 5510 1403 5567 ubi
1427 5511 1464 5570 de
1488 5513 1690 5591 perseeutione
1710 5515 1823 5599 propte

117 5564 248 5655 guilleri.
265 5567 366 5633 Patres
379 5576 479 5636 tamen
503 5575 588 5634 diabo
602 5591 652 5634 um
674 5578 871 5638 communiter
884 5579 940 5647 boc
989 5582 1133 5659 justitium
1147 5581 1252 5661 agitur.
