3908 6096
94 270 132 328 ra
181 272 185 277 ¹
417 253 425 261 ‘
509 270 560 330 nu
580 268 799 329 caussatus
823 268 1148 334 neonusiasricis.
1166 274 1318 336 -nnas
1340 274 1377 338 u.
1752 285 1792 342 ra

95 419 152 460 nou
168 404 265 475 potest
275 401 305 459 iu
321 401 370 460 his
384 418 448 475 que
462 402 498 458 nd
514 400 616 457 taciem
632 405 702 458 sunt
716 417 806 473 prava
821 401 917 457 eubri-
931 403 959 469 Α
974 403 1020 458 dis
1041 402 1225 462 solummodo
1249 407 1471 466 retributionem
1500 417 1644 485 quaerunt,
1660 413 1680 469 ii
1705 413 1793 471 nimi·

96 491 283 565 pere,callide
293 492 390 563 specie
401 491 482 564 quasi
494 490 725 563 pietatisinjeeta
732 490 837 546 nititur
847 507 916 562 sup·
971 509 1037 547 rum
1054 495 1131 565 quod
1146 496 1238 565 gratis
1257 503 1441 568 aeceperunt,
1456 501 1548 573 gratis
1562 519 1621 558 non
1643 503 1790 574 tribuunt,

95 585 239 654 plantare,
254 582 416 652 suadetque
432 579 553 635 forsitan
569 580 673 636 debere
689 581 726 635 ab
740 579 917 635 habentibus
972 581 1041 652 quie
1056 583 1091 637 de
1105 581 1237 655 impenso
1252 585 1347 641 olltcio
1362 587 1530 645 sanctitatis
1541 606 1696 648 nummum
1711 607 1794 665 expe-

94 669 197 743 eceipi,
213 673 247 725 ut
262 670 287 726 si
307 668 385 741 quod
408 668 501 740 possit
515 684 573 723 non
589 668 765 725 habentibus
790 667 914 740 erogari,
971 673 1038 723 tunt
1052 669 1168 726 lavaris.
1184 671 1264 727 Unde
1279 673 1352 730 bene
1366 691 1433 731 eum
1444 677 1560 747 justum
1575 679 1671 737 virum
1687 681 1794 738 deseri*

93 759 256 815 dummodo
269 758 312 815 vel
328 758 370 813 sio
382 773 493 813 venena
507 757 658 813 mortifera
667 758 857 829 eleemosyna
873 773 917 812 ce·
972 756 1054 813 beret
1063 759 1205 831 propheta
1220 761 1278 817 ait:
1297 764 1349 831 Qui
1360 767 1463 821 excutit
1480 783 1580 823 manas
1594 785 1657 825 saar
1668 770 1703 825 ab
1717 772 1794 828 masi

93 847 155 904 lata
163 846 385 904 obumbratione
392 846 591 902 transfundat.
601 846 701 918 Neque
709 847 788 902 enim
797 847 918 902 eleemo
972 862 1087 904 munere
1101 847 1177 918 (lsai.
1196 863 1297 919 xxxxii,
1310 852 1364 924 15).
1376 852 1476 925 Neque
1489 855 1568 911 enim
1583 855 1665 926 dixit,
1676 857 1727 930 qui
1741 873 1793 915 ex·

91 954 168 1009 syna
183 934 343 1009 reputanda
352 940 407 1000 est,
417 935 442 991 si
452 935 632 1007 pauperibus
643 935 829 1006 dispensetur
839 935 917 1007 quod
972 937 1046 991 outit
1061 952 1167 992 manus
1182 953 1251 994 sues
1266 955 1283 994 e
1298 955 1427 1007 munere,
1444 944 1494 999 sed
1508 944 1643 1015 adjunxit
1655 944 1693 1003 ab
1706 947 1793 1015 amai

92 1042 128 1082 ex
142 1023 252 1081 illicitis
267 1024 354 1079 rebus
369 1023 522 1094 accipitur,
535 1024 606 1095 quia
621 1023 671 1095 qui
687 1024 742 1079 hac
757 1023 917 1079 intentione
972 1024 1043 1096 quia
1069 1023 1149 1080 aliud
1179 1043 1289 1082 munus
1313 1027 1348 1082 ab
1377 1030 1620 1101 obsequio,alius
1647 1051 1795 1092 munusa

85 1112 169 1170 male
184 1112 301 1186 accipit,
315 1112 443 1184 utquasi
461 1111 852 1185 benedispensot,gravetur
864 1129 918 1184 po·
973 1129 1074 1185 manu,
1086 1113 1164 1170 aliud
1194 1131 1303 1172 munus
1327 1133 1344 1172 a
1366 1117 1477 1190 lingua.
1496 1123 1603 1177 Munus
1624 1122 1734 1196 quippe
1757 1125 1794 1182 ab

93 1203 153 1259 tius
163 1202 391 1274 quamjuvetur.
400 1199 543 1266 Quoniam
555 1200 647 1272 liquet
658 1216 767 1257 eaesae
778 1205 919 1274 perpetua
972 1203 1113 1275 obsequio
1128 1209 1173 1259 est
1188 1205 1331 1276 subjectio
1346 1206 1475 1264 indebite
1489 1209 1637 1282 impensa3
1653 1228 1796 1270 munusa

93 1308 126 1347 ac
151 1289 257 1357 solida,
273 1305 338 1360 quae
354 1305 421 1345 vera
448 1292 526 1359 suut,
543 1293 573 1345 et
587 1305 651 1361 quae
679 1289 792 1345 sincere
821 1289 918 1361 potius
974 1307 1074 1357 manu,
1097 1293 1236 1363 pecunie,
1261 1311 1371 1351 munus
1385 1312 1402 1351 a
1416 1294 1528 1370 lingua,
1543 1298 1633 1356 lavor.
1650 1300 1703 1366 Oui
1726 1317 1795 1375 ergo

92 1395 183 1452 quam
194 1377 262 1434 dolo
275 1381 499 1451 congregantur.
512 1376 705 1449 Eleemosynae
715 1377 918 1449 Redemptorie
973 1395 1073 1436 sacros
1083 1381 1208 1438 honores
1218 1383 1411 1451 tribuit,tunc
1423 1386 1460 1441 ab
1470 1387 1549 1442 omni
1559 1403 1681 1445 munere
1691 1407 1797 1447 manus

93 1467 186 1524 nostri
201 1465 294 1524 oculis
320 1465 372 1522 illa
399 1466 502 1539 placet,
519 1481 583 1537 quas
611 1483 669 1522 non
699 1467 735 1521 de
764 1465 875 1522 illicitis
890 1469 919 1522 et
973 1470 1092 1537 excutit,
1109 1471 1226 1542 quando
1241 1471 1271 1526 iu
1286 1472 1394 1529 divinis
1405 1475 1493 1530 rebus
1508 1475 1672 1533 noneolum
1683 1478 1796 1535 nullam

92 1556 247 1629 iniquitate
262 1555 437 1627 congeritur.
447 1554 528 1611 Unde
542 1554 631 1611 etiam
646 1554 719 1611 illud
735 1560 848 1612 eertum
863 1559 917 1623 est,
973 1558 1139 1628 pecuniam,
1151 1560 1201 1615 sed
1214 1559 1301 1616 etiem
1314 1561 1474 1619 humanam
1488 1564 1613 1636 gratiam
1628 1581 1687 1621 non
1700 1566 1797 1638 requi-

93 1645 164 1718 quia
187 1648 216 1700 et
238 1644 263 1701 ei
287 1643 474 1714 monasteria,
500 1647 551 1699 aut
574 1643 762 1712 xenodochia,
777 1643 822 1700 vel
846 1643 917 1715 quid
974 1646 1022 1702 rit.
1036 1646 1141 1703 »Unde
1155 1652 1184 1704 et
1197 1648 1303 1705 loanni
1325 1651 1462 1724 episcopo
1477 1651 1694 1711 Corinthiorum
1717 1654 1797 1711 idem

93 1732 174 1791 aliud
188 1736 386 1802 construetur,
403 1733 529 1789 mercedi
549 1749 606 1788 non
626 1733 761 1805 proficit:
778 1733 917 1804 quoniam
974 1731 1132 1806 Gregorius
1142 1739 1209 1808 post
1219 1735 1313 1792 multa
1321 1738 1453 1794 scribens
1465 1738 1506 1795 ait
1515 1738 1577 1810 (lib.
1589 1757 1627 1811 1v,
1638 1743 1717 1813 epist.
1729 1741 1795 1815 ἕως

92 1823 164 1879 dum
181 1837 334 1896 perversus
349 1824 463 1893 emptor
477 1821 596 1877 honoris
611 1821 642 1876 in
658 1821 755 1879 locum
770 1821 919 1878 transmit·
974 1821 1115 1893 «Oportet
1128 1827 1159 1878 ut
1170 1840 1222 1879 nec
1233 1826 1591 1901 percommodum,neque
1601 1829 1797 1903 pergratiam,

91 1912 177 1980 titur,
193 1916 222 1967 et
236 1910 309 1967 alios
326 1911 360 1967 ad
377 1911 423 1966 sui
446 1909 670 1967 similitudinem
694 1911 749 1967 sub
773 1909 919 1967 commodi
973 1913 1026 1965 aut
1037 1912 1233 1983 quorumdam
1256 1913 1502 1985 supplicationem
1518 1915 1632 1989 aliquos
1646 1919 1682 1975 ad
1699 1935 1798 1976 sacros

93 1999 234 2056 dilatione
248 1999 411 2067 constituit,
423 1999 508 2072 plura
523 1999 770 2056 maleordinandc
783 1999 917 2071 destruit,
974 1999 1091 2063 ordines
1106 2001 1296 2057 consentiatis
1306 2001 1350 2058 vel
1363 2003 1540 2073 permittatis
1554 2006 1670 2061 adduci.
1681 2006 1755 2063 Nam
1769 2011 1799 2064 et

93 2105 184 2162 quam
199 2088 249 2144 ille
264 2089 523 2161 potestediticare,
535 2088 584 2160 qui
600 2089 636 2144 ab
651 2104 685 2144 eo
699 2089 855 2160 pecuniam
866 2104 919 2160 pro
974 2091 1137 2159 peceatum,
1148 2089 1227 2144 sicut
1241 2088 1380 2161 diximus,
1395 2107 1483 2163 grave
1496 2096 1551 2162 est,
1562 2097 1592 2149 et
1606 2093 1670 2150 sine
1684 2109 1798 2168 correp·

93 2177 277 2236 ordinatione
291 2177 412 2249 accepit.
423 2177 464 2233 Ne
474 2192 543 2249 ergo
559 2177 615 2233 snb
630 2177 750 2232 obtentu
763 2175 920 2248 eleemosy·
973 2174 1053 2231 tione
1067 2175 1122 2231 hoe
1137 2193 1195 2232 nou
1211 2177 1340 2250 petimur
1361 2194 1522 2236 remanere.
1537 2205 1548 2233 ι
1565 2183 1659 2246 Quare
1673 2180 1797 2238 nullate·

95 2284 140 2323 nae
153 2282 220 2322 cum
231 2270 349 2338 peccato
360 2264 472 2337 aliquid
484 2266 657 2321 studeamus
672 2265 811 2336 accipere,
823 2269 920 2336 aperte
973 2267 1060 2318 teum
1078 2263 1170 2320 voluit
1184 2264 1341 2337 Gregorius
1345 2306 1797 2325 ................

93 2372 179 2412 sacra
189 2354 343 2427 Scriptura
352 2370 406 2410 nos
417 2353 561 2427 prohibet,
572 2354 691 2410 diceus:
708 2355 808 2411 Hostia
823 2355 921 2426 impio
974 2352 1121 2424 Propterea
1135 2369 1179 2409 voa
1194 2370 1247 2410 aaa
1270 2355 1394 2418 caditia;
1416 2359 1483 2427 qaia
1509 2373 1544 2413 ea
1571 2360 1624 2415 Dec
1650 2374 1706 2415 noa
1733 2359 1799 2416 eatis

62 2496 70 2513 ‚
98 2461 164 2500 rum
178 2443 387 2510 abominabiles,
410 2457 473 2514 quae
486 2443 682 2516 climatarcx
704 2443 803 2498 scelere
825 2442 919 2514 (Paua.
974 2441 1067 2512 (toan.
1079 2457 1120 2508 ιιι,
1132 2442 1192 2510 li);
1205 2446 1233 2498 et
1248 2442 1317 2498 alibi
1330 2460 1337 2498 :
1350 2443 1380 2499 Si
1394 2446 1456 2514 quia
1467 2445 1564 2518 dilicit
1578 2462 1631 2515 me,
1648 2462 1800 2504 samonem

95 2550 153 2604 xxi,
166 2534 224 2605 27).
235 2532 383 2604 Quidquid
398 2531 478 2587 enim
494 2532 524 2587 in
540 2531 590 2587 Dei
605 2531 747 2587 sacrificio
763 2548 798 2587 ex
812 2530 920 2588 scelere
974 2545 1066 2586 mam
1080 2531 1203 2586 servabit
1217 2531 1305 2602 (toan.
1318 2547 1376 2599 x1v,
1386 2533 1444 2603 23).
1461 2534 1496 2589 ut
1514 2534 1670 2592 Psalmista
1684 2537 1720 2593 de
1736 2536 1798 2594 viro

94 2622 227 2689 offertur,
241 2620 451 2693 omnipotentie
465 2620 515 2677 Dei
534 2636 593 2676 non
613 2619 710 2692 placat
724 2620 919 2688 iracundiam,
974 2618 1085 2689 injusto
1100 2619 1142 2674 ait
1158 2635 1164 2673 :
1180 2620 1275 2675 Noluit
1297 2621 1452 2690 intcttipere
1464 2627 1495 2678 at
1515 2623 1581 2680 bene
1603 2628 1696 2694 ageret
1710 2624 1796 2697 (Prot.

93 2711 147 2767 sed
161 2710 266 2766 irritat.
283 2710 355 2766 llinc
378 2726 481 2766 rursus
502 2709 645 2782 scriptum
661 2713 706 2765 est
721 2726 728 2767 :
743 2711 855 2765 lloaoro
866 2711 921 2765 llo·
974 2723 1059 2779 xxxv,
1071 2706 1107 2777 l).
1122 2708 1259 2774 Quamvis
1274 2709 1365 2781 igitur
1380 2711 1416 2765 ab
1430 2711 1552 2768 avaritia
1565 2712 1695 2784 pecunie
1710 2712 1740 2769 in
1755 2730 1800 2770 or·

93 2801 204 2855 minam
219 2799 253 2856 de
264 2800 319 2856 ivis
329 2800 414 2871 jaath
424 2799 568 2855 laboribus
577 2799 671 2871 (Proo.
684 2815 727 2869 111,
738 2799 776 2871 9).
788 2799 842 2863 Qui
852 2814 921 2869 ergo
975 2795 1114 2853 dinandis
1128 2797 1275 2869 episcopis
1289 2797 1506 2871 aliquantulum
1522 2800 1543 2856 ii
1557 2802 1630 2858 tales
1645 2801 1800 2859 videantur

94 2888 172 2944 male
186 2887 272 2956 tollit,
288 2891 321 2943 ut
335 2888 419 2960 quasi
442 2888 516 2944 bene
531 2888 669 2960 prebeat,
686 2891 800 2944 constet
819 2884 920 2959 procul
975 2886 1182 2957 quoquomodo
1198 2902 1319 2942 manum
1331 2889 1487 2956 retrahere,
1498 2905 1556 2945 non
1571 2891 1636 2947 ideo
1652 2891 1689 2948 ad
1701 2890 1799 2964 legiti-

93 2977 184 3032 dubio
206 2977 284 3050 quod
307 2977 463 3033 Dominum
488 2992 546 3032 non
569 2976 702 3032 honoret.
713 2976 788 3032 Hinc
803 2989 921 3047 quoque
976 2990 1056 3029 mam
1070 2972 1277 3031 liberalitatem
1291 2975 1490 3034 ecclesiastica
1505 2978 1606 3035 electio
1622 2979 1798 3051 pertinebit;

91 3081 147 3152 per
167 3065 351 3122 Salomonem
375 3065 482 3121 dicitur
498 3082 505 3121 z
522 3066 576 3133 Qui
598 3066 676 3136 offert
698 3065 867 3134 sacrificium
889 3063 923 3118 de
976 3063 1801 3135 sedautconsanguinitatisallectio,velamicorumdileo·

92 3154 249 3211 substantio
262 3156 445 3226 pauperique
456 3157 482 3209 ai
495 3155 618 3209 victimet
632 3155 722 3223 filiam
736 3155 767 3206 in
779 3155 921 3223 corupecta
934 3137 956 3205 C
974 3151 1085 3221 tio,seu
1095 3152 1184 3207 etiam
1194 3151 1385 3208 familiarium
1396 3155 1537 3225 obsequia
1546 3154 1754 3227 prevalebunt.
1764 3155 1801 3212 ut

90 3245 182 3316 patria
198 3243 293 3310 (dccii.
304 3258 400 3310 xxxiv,
408 3242 464 3312 24).
475 3243 607 3306 Quantus
622 3245 720 3295 summ
735 3239 818 3295 dolor
828 3238 921 3311 petris
975 3238 1046 3310 quid
1058 3239 1177 3310 prodest
1187 3238 1334 3297 declinare
1345 3240 1483 3313 elaqueo,
1491 3242 1516 3297 si
1527 3244 1556 3298 in
1567 3244 1680 3301 loveam
1692 3243 1800 3300 incide·

95 3331 140 3386 sit
155 3329 409 3402 perpendamus,si
419 3329 449 3383 in
460 3329 524 3399 ejus
535 3332 691 3400 conspectu
702 3326 782 3382 lilius
793 3326 924 3383 victime·
975 3326 1061 3401 mus?
1072 3327 1117 3382 lit
1126 3328 1204 3383 enim
1217 3328 1319 3384 beatus
1330 3328 1539 3403 Hieronymus:
1552 3331 1657 3388 Electio
1668 3332 1800 3388 sacerdo·

92 3424 153 3475 tur,
170 3418 203 3474 ut
213 3416 281 3473 hino
296 3416 380 3473 lacile
389 3417 603 3489 cognoscimus,
613 3420 722 3482 quanto
733 3420 809 3472 Deus
825 3416 919 3472 omni·
975 3418 1039 3470 tum
1054 3432 1112 3471 non
1123 3417 1188 3487 jam
1199 3417 1284 3488 juxte
1294 3419 1480 3490 sanguinem,
1491 3420 1542 3476 scd
1552 3421 1640 3491 juxta
1654 3419 1801 3478 meritust

93 3511 200 3581 potens
221 3503 321 3562 dolore
335 3509 535 3577 exasperatur,
551 3505 668 3576 quando
692 3504 718 3558 ei
742 3503 919 3560 sacrificium
974 3504 1096 3560 virtutes
1111 3505 1268 3562 deserenda
1286 3511 1340 3563 est.
1357 3507 1429 3564 Cum
1445 3508 1523 3563 enim
1539 3508 1646 3581 aliquis
1661 3509 1799 3583 dignissi-

93 3597 129 3652 de
145 3595 250 3667 rapine
270 3594 420 3650 tribuitur.
436 3593 532 3651 Nimis
551 3608 620 3666 ergo
643 3592 919 3660 declinandum'est,
976 3609 1043 3649 mus
1054 3593 1191 3650 sacerdos
1201 3595 1251 3651 diu
1262 3595 1293 3650 in
1304 3595 1583 3668 Ecclesiamiliteus,
1594 3598 1630 3654 ab
1641 3598 1799 3672 episcopali

95 3682 283 3740 dilectissimi
292 3683 463 3749 tratres,sub
472 3683 592 3739 obtentu
603 3681 792 3755 eleemosyna
804 3685 922 3754 peecata
974 3681 1799 3762 electioneipsiuecuiservieratllcclesias,aprincipibus

93 3772 262 3828 simoniace
290 3771 435 3828 hereseos
462 3775 639 3844 perpetrare.
664 3770 738 3826 Nam
766 3770 847 3826 aliud
875 3776 920 3827 est
975 3771 1158 3844 reprobatur,
1176 3772 1309 3844 nunquid
1330 3788 1388 3828 non
1413 3773 1463 3828 Dei
1487 3773 1565 3830 illius
1580 3775 1751 3848 despicitur,
1766 3778 1801 3831 ut

95 3867 213 3934 propter
229 3864 348 3933 peccate
368 3858 570 3932 eleemosynas
588 3860 692 3925 facere,
708 3858 788 3915 aliud
803 3864 923 3932 peccata
973 3859 1047 3915 illud
1066 3877 1073 3915 :
1092 3861 1146 3931 Epo
1168 3859 1230 3916 daci
1244 3879 1253 3914 :
1267 3859 1311 3916 dii
1331 3863 1406 3928 estis,
1428 3867 1454 3916 et
1478 3862 1533 3930 fitia·
1556 3862 1660 3919 excelsi
1682 3863 1801 3921 omnes?

95 3953 214 4022 propter
229 3948 433 4021 eleemosynas
448 3949 639 4005 committere.
653 3968 667 3997 u
975 3948 1062 4019 (Psoi.
1071 3948 1288 4018 uxxx1‚b.)Gum
1301 3965 1367 4004 vero
1378 3949 1503 4019 alicujus
1514 3952 1641 4022 potentis
1651 3951 1730 4008 lilius
1742 3952 1800 4008 im·

133 4037 181 4092 lla
196 4042 265 4094 eunt
277 4037 406 4110 Gregorii
427 4035 607 4093 sanctissimi
619 4039 648 4091 et
662 4034 825 4091 doctissimi
840 4051 921 4106 pape
976 4051 1028 4108 par
1039 4035 1197 4102 meritis,et
1207 4036 1317 4106 injuste
1330 4036 1519 4108 preponitur,
1532 4038 1601 4108 quid
1617 4037 1697 4093 aliud
1712 4054 1801 4109 quam

95 4141 149 4198 pro
156 4124 324 4182 simoniacis
331 4123 923 4182 stillicitisordinationibussaluberrime
977 4123 1124 4180 Barabhas
1139 4123 1267 4194 eligitur,
1278 4124 1328 4195 qui
1344 4123 1423 4179 filius
1434 4124 1525 4195 patris
1537 4123 1757 4197 interpretatur,
1770 4130 1803 4184 ut

95 4215 326 4283 admonitiones;
344 4231 396 4271 nec
412 4215 557 4286 acquievit
570 4214 690 4270 omnino
702 4213 793 4269 donec
803 4211 923 4269 collecta
978 4212 1082 4269 merito
1103 4212 1218 4268 eveniet
1239 4213 1317 4285 quod
1334 4213 1477 4285 scriptum
1493 4217 1538 4269 eet
1554 4229 1561 4269 :
1577 4215 1632 4286 lieo
1652 4232 1715 4272 sara
1729 4221 1803 4274 hear

95 4302 226 4376 generali
239 4304 350 4376 synodo
363 4304 424 4360 haeo
435 4304 490 4360 sub
500 4302 685 4358 anathemate
697 4303 835 4358 damnata
845 4301 923 4374 peni·
978 4303 1158 4373 omnipotens,
1175 4301 1290 4356 reddens
1314 4301 1494 4374 iniquitatem
1515 4308 1629 4374 patrum
1646 4304 1676 4358 ia
1690 4304 1758 4375 filiis
1770 4319 1803 4362 oc

96 4395 145 4448 tus
160 4392 349 4464 impetraret;
373 4393 423 4448 sed
440 4396 538 4448 astuta
560 4391 738 4463 turpissimae
754 4389 924 4462 cupiditatis
976 4390 1120 4462 nepotibus
1127 4388 1368 4461 (Ecod.xxx1v,7).
1376 4390 1500 4455 Quidem
1513 4396 1611 4447 autem
1623 4393 1694 4448 adeo
1706 4396 1803 4449 mente

97 4481 241 4554 iniquitas
252 4499 309 4539 non
322 4482 464 4538 sufferens
480 4498 511 4537 se
526 4480 689 4537 commodis
703 4478 770 4536 licet
785 4479 923 4551 turpissi·
939 4497 963 4563 D
978 4483 1008 4534 et
1022 4495 1142 4550 corpore
1157 4479 1348 4545 obsecuntur,
1366 4483 1397 4534 ut
1412 4480 1491 4551 ipsos
1506 4480 1595 4536 etiem
1615 4480 1751 4553 purvulos
1766 4481 1803 4537 ad

98 4570 167 4636 mis,
183 4569 244 4626 imo
262 4569 531 4642 periculosissimis,
548 4569 709 4642 angustari,
725 4571 924 4624 commentum
979 4567 1155 4639 pastoralem
1164 4584 1334 4638 promovere
1343 4584 1444 4623 curam
1454 4569 1742 4641 nonduhiteut,quos
1751 4585 1805 4627 nea

98 4659 172 4714 satis
184 4659 376 4716 artificiosum
391 4658 506 4731 reperit,
519 4674 577 4730 quo
590 4657 700 4714 scilicet
712 4655 778 4714 illos
793 4656 924 4713 sacerdo·
978 4662 1077 4712 mente
1093 4672 1145 4711 neo
1166 4672 1286 4729 corpore
1311 4657 1431 4713 idoneos
1460 4673 1524 4712 esse
1550 4662 1673 4714 constet.
1691 4658 1725 4715 Ε)
1753 4657 1804 4732 qui

99 4749 139 4804 tio
155 4748 342 4817 sublimaret,
357 4748 406 4820 qui
422 4748 478 4804 sibi
499 4751 565 4820 post
580 4745 827 4802 consecrationem
843 4748 925 4800 tauto
980 4745 1077 4800 adhuc
1092 4760 1145 4799 nec
1162 4745 1226 4815 ipsa
1241 4744 1406 4800 rudimenta
1418 4745 1553 4801 humanae
1565 4751 1674 4802 nature
1685 4748 1805 4805 suffece-

102 4836 296 4909 subjectiores
304 4837 669 4907 essedebuissent,quauto
678 4834 926 4905 nondivino,quiu
984 4834 1044 4889 rint
1054 4834 1175 4897 discere,
1185 4834 1238 4888 hos
1248 4834 1284 4888 ad
1298 4832 1496 4905 magisteriam
1511 4833 1623 4892 elevare
1634 4853 1691 4893 uon
1703 4835 1804 4894 lormi-

102 4927 201 4997 potius
211 4911 461 4996 humauojudicio
472 4941 504 4979 se
513 4923 605 4979 fuisse
617 4926 776 4995 promotos,
789 4923 844 4995 ipsi
858 4937 926 4994 pro·
981 4923 1063 4988 dant,
1072 4921 1246 4993 judicesque
1261 4923 1443 4977 constituunt
1458 4922 1635 4991 animarum,
1647 4925 1697 4995 qui
1707 4923 1805 4980 adhuc

102 5014 149 5070 cul
166 5015 256 5070 dubio
272 5017 453 5086 reputarent.
465 5015 647 5085 Quapropter
656 5010 866 5082 omnipotentis
878 5010 927 5065 Dei
982 5010 1052 5082 quid
1069 5010 1168 5064 anima
1182 5009 1220 5065 sit
1235 5009 1397 5083 intelligere
1408 5011 1525 5084 penitus
1536 5016 1695 5084 nequeunt.
1706 5011 1741 5065 ut
1753 5007 1805 5080 qui

102 5099 926 5176 praenaregoriusinEvangeltornmtractatibnsttomt.
982 5098 1085 5153 dooere
1098 5097 1239 5169 populum
1254 5099 1399 5155 instanter
1408 5101 1570 5158 debuerunt
1583 5101 1618 5156 de
1629 5097 1744 5168 divims,
1756 5097 1804 5154 do·

102 5195 134 5248 ia
153 5193 282 5264 Euerg),
297 5196 331 5247 ut
354 5189 466 5246 scilicet
488 5190 671 5262 frequentius
693 5187 750 5260 legi
764 5188 810 5245 vel
834 5187 929 5243 audiri
983 5186 1041 5241 ceri
1057 5187 1092 5242 de
1108 5187 1297 5243 saecularibus
1312 5192 1341 5244 ct
1355 5188 1444 5245 etiam
1458 5187 1576 5257 vilibus,
1592 5189 1805 5258 preceptorum

104 5281 260 5353 potuisset,
277 5280 410 5352 disputat
434 5277 570 5350 inquiens
585 5295 591 5332 :
604 5302 619 5330 «
636 5279 711 5335 Sunt
728 5275 862 5333 nonnulli
878 5273 928 5347 qui
982 5274 1153 5331 verberibus
1169 5276 1323 5349 incipiunt.
1336 5277 1370 5332 ut
1382 5277 1433 5350 qui
1447 5277 1538 5333 vereri
1553 5275 1588 5329 ab
1604 5273 1741 5331 omnibus
1754 5275 1804 5332 de·

103 5369 224 5442 quidem
253 5383 442 5424 nummorum
472 5367 590 5438 premia
610 5383 645 5422 ex
664 5364 848 5422 ordinatione
871 5379 929 5420 non
984 5362 1807 5437 buerant,ipsosetiemscholasticostimentNamquem·

103 5457 264 5530 accipiunt,
280 5461 309 5513 et
327 5460 426 5512 tamen
441 5470 541 5512 sacros
556 5454 673 5511 ordines
694 5473 746 5528 per
769 5454 929 5511 humanam
984 5452 1144 5509 admodum
1157 5453 1225 5509 olim
1243 5454 1337 5510 sancti
1353 5450 1491 5526 praesules
1506 5467 1524 5505 a
1537 5466 1718 5525 paganorum
1740 5452 1806 5509 riti·

103 5547 232 5626 glcriam
246 5546 420 5622 largiuntur,
434 5549 522 5617 etque
540 5543 576 5600 de
600 5542 734 5616 largitate
749 5545 851 5602 eadem
865 5542 929 5601 lau·
984 5541 1040 5599 bue
1054 5541 1233 5615 recedentes,
1247 5541 1371 5620 injurias
1395 5542 1424 5595 et
1447 5538 1567 5599 verbera
1581 5541 1618 5602 ab
1636 5540 1806 5604 infidelibus

269 5677 399 5739 Parnoi.
422 5669 582 5739 cxxxiv.
1628 5669 1647 5748 i
