3908 6096
121 342 180 405 em
633 334 802 397 ll'l'l'ONlS
825 331 1115 394 vuttcuutuusls
1137 329 1313 393 uersuum
1761 316 1822 385 528

122 473 208 531 idolis
222 470 397 535 serviebant,
426 467 614 541 postmodum
642 483 709 522 vero
739 466 873 522 notitiam
895 463 1121 538 DeiAtentatio
1137 478 1202 519 esse
1217 458 1518 536 Galatisdicentibus.
1534 457 1602 522 Qua
1624 455 1679 526 vis,
1708 456 1753 511 vel
1773 449 1823 530 qti

121 561 273 629 babentes,
290 559 326 616 ud
344 557 484 630 pristinos
499 571 611 612 errores
640 556 868 611 revertebantur.
892 556 946 610 lma
1000 552 1113 608 tructus
1128 551 1223 607 inlati
1239 548 1381 617 doctrina,
1399 564 1466 603 cum
1482 545 1576 619 ipsius
1590 543 1765 617 predicator
1782 547 1825 601 tot

59 718 62 724 Ι
120 650 226 718 cogniti
240 649 305 704 sitis
318 648 403 719 (933),
420 651 474 701 etc.
491 647 549 701 Hoc
563 645 654 712 caim,
683 644 762 716 quod
792 644 872 714 dicit,
889 659 945 699 non
1001 637 1508 712 cruciatibusaffligaturilnearue
1535 650 1606 704 mea,
1637 635 1718 707 quod
1744 633 1825 701 dicit,

124 735 351 810 intelligendum
367 737 412 790 est
426 734 515 789 ileum
532 749 565 787 ex
581 732 752 805 improviso,
776 731 821 787 vel
836 731 945 799 subito,
1001 729 1068 786 talis
1083 734 1128 786 eat
1143 745 1259 799 sensus,
1277 727 1361 800 quasi
1377 726 1474 783 dicat:
1493 724 1628 796 Humilis,
1658 723 1824 795 despectus,

124 827 177 880 aut
187 839 240 897 per
255 828 385 894 tempora
400 820 512 893 aliquid
529 822 719 893 cognovisse:
737 820 787 875 sed
803 836 836 876 eo
861 818 947 874 modo
1001 821 1031 874 et
1041 816 1277 889 contemptibilis,
1289 814 1363 871 nibil
1378 818 1483 885 sciens,
1497 812 1555 869 nisi
1566 811 1825 868 Christumtesum

126 911 243 980 dicitur,
259 908 637 983 quotoannesmttipamus
648 908 873 979 Deumtloanuv,
890 907 945 977 19),
1000 907 1024 978 (4
1038 908 1099 963 Cor.
1114 925 1144 973 u,
1160 907 1199 977 2),
1212 922 1278 961 cum
1295 920 1402 972 essem,
1419 920 1477 959 non
1504 902 1648 973 respuistis
1663 919 1669 970 ;
1699 900 1746 958 sed
1758 900 1826 957 sicut

126 1015 185 1056 nou
194 999 265 1070 quia
276 998 432 1055 dileximus
440 998 573 1065 eum,sed
589 997 658 1069 quia
673 998 735 1069 ipse
749 997 829 1067 prior
845 995 948 1050 ditexit
1001 997 1130 1068 erpeium
1143 998 1202 1062 Dei,
1218 995 1247 1049 id
1264 992 1463 1060 ratmundum
1480 993 1624 1048 donorum
1651 988 1825 1062 coelestium,

126 1102 186 1143 aas.
198 1085 311 1159 cogniti
318 1085 397 1142 euim
407 1086 690 1158 sumuspriusquam
698 1086 947 1158 cognovissemus,
1001 1087 1164 1157 excepistis:
1176 1088 1204 1140 et
1215 1101 1272 1139 nou
1284 1082 1379 1139 solum
1391 1082 1441 1149 ita,
1457 1082 1507 1137 sed
1524 1085 1555 1136 ut
1571 1077 1713 1137 Christum
1724 1080 1823 1136 lesum.

127 1175 266 1248 queniam
283 1175 319 1230 ab
335 1176 399 1247 ipso
414 1175 501 1230 tracti
517 1175 628 1231 fuimus
642 1176 731 1247 (ioca.
747 1191 786 1244 vt,
802 1175 858 1245 44).
1001 1177 1036 1230 ut
1052 1178 1121 1230 nota
1136 1173 1207 1246 quia
1221 1172 1370 1228 Christum
1382 1170 1457 1243 (937)
1482 1170 1598 1242 prefert
1627 1169 1742 1242 angelo,
1760 1182 1825 1225 oum

160 1265 223 1320 llice
236 1265 385 1322 obseruatis
394 1280 406 1326 ,·
420 1263 450 1317 id
478 1268 533 1330 est,
562 1262 772 1333 Sabbatorum3
789 1267 818 1318 et
831 1277 946 1331 meram,
1003 1267 1119 1319 econtra
1145 1261 1301 1318 Psalmista
1316 1259 1453 1334 angeium
1469 1258 1594 1327 Christo,
1608 1263 1642 1314 ut
1670 1258 1746 1314 illud
1759 1274 1767 1315 :
1782 1259 1827 1315 14-

126 1353 363 1421 neomeniarum,
380 1352 434 1408 boc
448 1357 504 1421 est,
521 1363 598 1409 novae
614 1352 709 1408 lune:
727 1368 794 1407 narn
807 1353 949 1407 menresa
1002 1353 1091 1407 orcisti
1104 1367 1165 1408 eum
1174 1351 1260 1423 poulo
1269 1351 1365 1405 minus
1374 1348 1463 1419 (Psnt.
1477 1346 1645 1419 v111,d);sed
1656 1347 1699 1402 ibi
1711 1350 1827 1421 proper

125 1442 196 1498 luna
210 1442 439 1514 computabant;
455 1445 483 1498 et
498 1445 637 1514 temporo,
653 1442 682 1496 id
699 1446 753 1507 ast,
786 1441 844 1496 tria
867 1438 946 1504 anni,
1001 1438 1224 1507 humanitatem,
1240 1438 1287 1494 hic
1302 1454 1391 1493 causa
1405 1434 1575 1493 divinitatis.

125 1531 200 1603 (934)
215 1531 243 1585 iu
261 1529 369 1602 quibua
384 1530 516 1588 diversas
531 1531 749 1587 obscurationes
762 1528 949 1585 celebrabant
1040 1530 1088 1584 libi
1100 1533 1139 1584 est
1152 1544 1215 1596 erpo
1232 1527 1369 1582 beatitudo
1393 1529 1503 1582 oestro?
1524 1524 1613 1590 Quasi
1629 1524 1759 1581 diceret:
1775 1523 1827 1580 libi

124 1619 222 1691 (duod.
238 1634 320 1684 xxm,
338 1619 392 1689 17),
408 1619 526 1690 quaudo
541 1618 629 1675 etiam
641 1621 898 1692 preceptumerat‚
915 1621 948 1672 ut
997 1622 1046 1674 'est
1061 1617 1184 1685 devotio,
1201 1615 1387 1688 religiositas,
1404 1619 1433 1671 et
1448 1615 1569 1671 allectus
1588 1613 1746 1670 charitatis
1760 1629 1827 1688 erga

126 1722 223 1764 omme
233 1706 429 1764 masculinum
440 1713 593 1780 appareret
603 1708 632 1762 iu
644 1710 800 1780 conspectu
812 1705 947 1761 Domini:
1003 1722 1059 1772 me,
1076 1722 1163 1778 quem
1180 1704 1352 1760 habuistis?
1367 1702 1403 1759 Ut
1430 1697 1472 1759 eis
1492 1703 1643 1776 ‘pudorem
1663 1701 1825 1773 incuteret;

126 1800 155 1852 et
164 1811 260 1864 unum,
277 1796 305 1852 id
321 1801 375 1863 est,
387 1796 539 1869 septimus,
552 1797 606 1853 hoc
621 1799 666 1853 est
676 1797 832 1853 sabbatum
843 1795 947 1851 sabba·
965 1840 988 1908 Β
1003 1794 1154 1851 audientes
1165 1793 1266 1867 quales
1277 1791 1471 1861 luerint,etse
1481 1789 1730 1865 reprehensibiles
1742 1789 1827 1864 agud-

127 1889 235 1953 torum,
251 1889 280 1940 at
290 1884 455 1956 jubileum.
1004 1886 1136 1951 scentes;
1151 1881 1251 1937 taliter
1265 1880 1450 1953 loquebatur.
1468 1881 1500 1935 lu
1516 1896 1573 1952 quo
1584 1878 1661 1935 iacto
1672 1884 1828 1936 mouentur

166 1974 255 2030 l'z'meo
268 1987 325 2038 eos,
341 1976 396 2030 etc.
416 1971 489 2026 Vide
516 1987 605 2043 quam
635 1976 794 2043 temperate
808 1970 948 2043 loquitur.
1004 1970 1216 2044 predicatores,
1234 1974 1266 2025 ut
1280 1969 1378 2025 taliter
1390 1985 1475 2043 agere
1490 1967 1630 2025 studeant
1658 1984 1730 2040 erga
1751 1982 1827 2024 suos.

127 2066 191 2117 Nou
207 2061 286 2118 euim
301 2060 394 2117 dixit:
411 2061 477 2117 eine
491 2077 581 2116 causa
595 2058 734 2126 laboravi,
751 2076 786 2115 ue
802 2060 875 2115 torte
885 2059 950 2113 lun·
1040 2060 1232 2115 lestimonium
1242 2061 1317 2114 erim
1327 2058 1454 2131 perhibeo
1468 2058 1553 2126 vobis,
1568 2061 1624 2113 eto.
1639 2055 1829 2131 Hyperbulioe

130 2150 209 2206 ditus
219 2165 269 2204 eos
279 2147 437 2219 obiiceret,
453 2150 503 2204 sed
520 2149 594 2204 dixit
608 2167 614 2204 :
627 2151 666 2204 Ne
694 2151 764 2219 sorte
773 2150 833 2204 siue
846 2162 930 2203 causa
939 2164 950 2208 ‚·
1004 2149 1082 2205 euim
1094 2148 1240 2204 iste'locus
1253 2146 1460 2219 intelligendus
1473 2151 1518 2203 est
1530 2163 1537 2202 :
1550 2162 1618 2202 uam
1630 2145 1827 2219 exaggeratio·

129 2237 268 2310 quoniam
280 2252 332 2292 nec
342 2237 475 2292 funditus
485 2252 534 2292 eos
546 2238 671 2308 abjicere
683 2236 785 2300 voluit,
799 2254 852 2292 noc
863 2237 950 2292 etlam
1006 2253 1072 2293 nem
1084 2237 1235 2292 charitatis
1246 2235 1308 2292 vult
1320 2237 1473 2292 ostendere
1482 2235 1513 2291 iu
1524 2233 1688 2307 primordio
1697 2233 1828 2307 predica·

128 2326 306 2381 incorrectos
321 2339 458 2393 muuere;
475 2325 625 2396 quoniam,
642 2324 666 2379 si
680 2323 823 2389 funditus,
848 2325 952 2396 despe·
1005 2322 1828 2396 bonisGalatarum3ideotaliterloquitur‚quasidiceret:

128 2417 255 2480 maseut,
271 2412 296 2470 si
310 2414 486 2470 incorrectos
500 2413 585 2485 (935),
601 2413 666 2468 aliis
694 2414 860 2486 exemplum
885 2427 952 2485 per-
1006 2415 1084 2471 Adeo
1101 2431 1147 2469 me
1162 2413 1317 2482 dilexistis,
1332 2419 1365 2468 ut
1381 2413 1405 2469 si
1421 2413 1728 2486 recompensationem
1738 2411 1829 2468 svan-

127 2502 217 2559 cuudi
231 2501 417 2558 tribuissent.
433 2500 569 2558 Ostendit
582 2501 660 2557 euim
687 2501 734 2557 bis
761 2501 858 2558 verbis
872 2516 903 2556 se
917 2501 953 2556 de
1007 2502 1082 2575 gello
1097 2502 1225 2558 tribuere
1240 2501 1421 2574 potuissetis,
1433 2501 1538 2558 restris
1549 2499 1712 2557 luminibus
1723 2499 1830 2557 voluis·

129 2589 249 2647 illorum
265 2591 454 2647 conversione
469 2605 528 2645 nou
543 2589 694 2646 dubitare:
711 2591 799 2646 etiam
815 2607 864 2646 eos
878 2590 953 2646 resi·
1008 2591 1078 2648 setis
1089 2590 1238 2664 privari,at
1248 2594 1377 2647 vestrum
1391 2591 1533 2647 damnum
1545 2606 1643 2647 meum
1656 2587 1777 2646 lucrum
1789 2590 1831 2645 de·

131 2679 244 2753 plaeere
258 2679 342 2735 velle.
1008 2683 1120 2752 putare.
1137 2680 1211 2746 Quid
1226 2679 1303 2736 enim
1330 2679 1450 2736 charius
1478 2680 1679 2735 membrorum
1704 2677 1792 2735 oculo
1804 2677 1829 2734 iit

167 2768 454 2838 amaricatam.
473 2767 561 2832 Quasi
578 2766 708 2824 diceret:
725 2768 804 2840 Rogo
818 2784 870 2824 vos
896 2769 954 2825 ira·
1009 2768 1103 2840 capite
1113 2768 1127 2822 ‘l
1138 2768 1271 2825 Nullum.
1285 2771 1379 2835 Quare
1393 2784 1461 2843 ergo
1476 2768 1531 2824 hoc
1554 2766 1650 2824 dicit?
1680 2768 1741 2825 lste
1756 2767 1829 2825 enin

133 2863 194 2913 tres
208 2870 320 2928 omues,
348 2855 458 2928 legales
486 2856 704 2912 observationes
732 2854 897 2929 relinquite,
927 2861 956 2913 et
1008 2873 1096 2913 verus
1110 2857 1293 2930 predicator,
1310 2861 1339 2913 et
1368 2856 1530 2930 discipulus
1558 2855 1691 2914 veritatis
1714 2854 1829 2912 mentiri

133 2944 296 3001 imitatores
310 2945 368 3002 mei
382 2948 489 3001 estote:
506 2943 646 3016 quoniam
661 2959 725 3017 ego,
738 2944 790 3016 qui
805 2945 955 3017 quondam
1009 2961 1194 3018 nequaquam
1210 2950 1317 3019 potest.
1328 2947 1395 3016 Sed,
1407 2951 1441 3002 ut
1451 2945 1592 3015 diximus,
1602 2947 1639 3002 ad
1654 2959 1829 3020 exaggeran-

136 3032 379 3090 emulatoreram
391 3031 510 3105 legis,et
523 3032 659 3089 defensor
669 3033 957 3104 paternarumtradi-
1010 3033 1077 3089 dam
1094 3034 1265 3091 charitatem
1280 3035 1322 3091 ita
1336 3033 1475 3107 loquitur.
1813 3030 1816 3037 “

133 3125 261 3190 tmuum,
271 3122 371 3179 omnia
386 3120 445 3188 illa,
463 3121 547 3193 quasi
562 3125 765 3193 purgamenta,
776 3125 806 3177 et
816 3126 955 3193 stercora,
1046 3123 1115 3194 Erpa
1141 3124 1271 3179 iuimicus
1298 3123 1372 3180 vohis
1395 3126 1486 3196 sactus
1513 3127 1597 3181 rum?
1619 3127 1678 3180 etc.
1694 3120 1825 3181 Nonnulh

135 3216 224 3285 utque
234 3210 410 3284 quisquilias
420 3210 568 3282 deputavi.
583 3211 656 3279 Quia
669 3218 695 3266 et
707 3226 755 3279 epo
768 3212 840 3266 sicut
853 3226 908 3280 vos,
924 3200 991 3270 mc
1011 3209 1235 3284 interrogative:
1266 3213 1385 3284 quidam
1415 3213 1504 3269 etiam
1533 3213 1681 3270 narrative
1711 3209 1824 3287 proierli

134 3307 189 3372 est,
205 3299 506 3370 sicutvoshomines,
535 3299 576 3356 ita
603 3302 632 3354 et
658 3315 710 3371 ego
739 3299 826 3356 homo
856 3302 892 3356 ab
908 3301 954 3358 his
1008 3300 1109 3358 volunt
1119 3301 1197 3357 huuc
1208 3300 1654 3375 locum:sed,siinterrogative,
1665 3301 1726 3359 hoo
1736 3300 1822 3372 modo,

132 3405 279 3462 egressus,
294 3392 323 3443 et
336 3403 386 3443 vos
400 3387 499 3459 egredi
513 3387 659 3458 poteritis.
1009 3390 1093 3464 quasi
1105 3390 1232 3446 diceret:
1250 3391 1343 3455 Quare
1370 3390 1508 3447 inimicus
1536 3389 1619 3447 vobis
1635 3388 1736 3448 iactus
1755 3396 1820 3457 suu,

167 3476 360 3550 (93t)l'rutrcs
374 3474 480 3531 obsecro
494 3489 550 3541 uos,
579 3479 633 3531 eto.
665 3476 735 3532 Post
761 3476 870 3533 multas
891 3494 954 3535 cor·
1008 3477 1819 3538 verumdicendoiliarretiveveroita:inimicusiactut

132 3565 278 3621 rectiones
292 3567 322 3618 et
335 3562 559 3634 increpationes,
575 3563 701 3633 pristina
728 3564 804 3620 boua
833 3567 868 3620 ad
893 3582 954 3623 me·
1007 3584 1085 3637 sum,
1101 3582 1202 3623 verum
1217 3566 1340 3624 diceudo
1351 3566 1445 3624 vohis.

134 3654 258 3710 moriam
274 3655 399 3722 revocat,
429 3651 547 3707 dicans:
578 3651 652 3706 Nihil
676 3668 719 3707 me
748 3653 868 3725 lesistis,
898 3659 952 3712 etc.
1043 3655 1117 3727 (938)
1140 3655 1387 3728 AEmulunturma
1403 3660 1480 3723 etc,
1510 3657 1539 3712 id
1568 3659 1623 3726 est,
1640 3654 1818 3715 invidentiam

134 3742 222 3810 Quasi
232 3739 581 3812 diuat:lteootitequiaiu
597 3740 835 3812 primordiomeaa
850 3743 954 3815 predi·
1008 3744 1126 3812 habeut,
1143 3744 1212 3816 quia
1236 3744 1348 3817 absque
1376 3743 1600 3802 circumcisione
1629 3747 1666 3803 a'd
1698 3745 1818 3804 notitiam

132 3830 268 3899 cationis,
279 3845 345 3886 cum
357 3828 810 3903 minorisessetisintelligentie,
824 3832 896 3888 nibil
906 3849 954 3890 me
1008 3832 1114 3889 Christi
1126 3833 1258 3889 transitis
1271 3852 1277 3903 ;
1295 3833 1481 3907 obhoc,quia
1497 3832 1556 3891 illis
1572 3831 1818 3910 promissusiiiil,

132 3919 267 3976 lesistis:
280 3933 542 3992 quarauuuc,cum
550 3917 883 3993 magiaintelligatis‘lllt
899 3920 954 3978 hoa
1007 3920 1066 3978 illis
1077 3921 1253 3995 predicavit,
1268 3938 1303 3978 cx
1316 3921 1391 3995 ipsis
1405 3923 1494 3980 etiam
1520 3939 1640 3980 carnem
1661 3912 1819 3999 accepted

131 4009 209 4077 ideo,
224 4013 258 4064 ut
272 4008 340 4082 ipsi,
356 4007 482 4080 pristina
495 4006 572 4064 bona
595 4007 755 4077 audientes,
773 4024 831 4065 uon
851 4011 953 4082 despe-
1008 4026 1165 4083 quareuoe
1177 4013 1253 4083 terre,
1264 4011 1328 4084 ipse
1338 4011 1467 4084 exponit.
1483 4012 1636 4070 Euctudere
1659 4029 1708 4072 uos
1729 4013 1817 4078 voluti,

131 4100 239 4154 rurant.
252 4098 284 4152 ln
297 4112 355 4168 quo
365 4096 440 4152 iacto
452 4100 609 4152 mouentur
620 4097 870 4170 predicatores,ut
885 4114 952 4155 cum
1006 4105 1038 4155 ut
1048 4101 1112 4156 ittet
1121 4101 1294 4157 aemulemini
1301 4117 1312 4163 ,·
1325 4100 1354 4156 id
1369 4104 1424 4173 est,
1440 4099 1608 4159 imitemini.

130 4201 201 4242 suos
216 4185 378 4257 increpant,
395 4185 612 4257 pristinaboua
627 4185 848 4242 admemoriam
871 4204 951 4244 revo-
1041 4193 1256 4246 Bonumuutem
1268 4190 1446 4246 {emulamini
1459 4192 1490 4246 tu
1505 4192 1583 4262 buno,
1613 4191 1644 4247 id
1671 4196 1729 4262 est,
1753 4189 1818 4248 tom

129 4275 257 4340 centua
286 4272 353 4343 ipsi,
383 4273 576 4345 desperando,
607 4274 815 4331 abundantiori
834 4275 953 4334 tristitia
1006 4275 1818 4353 intentione,etuouadtempus,aedsemper.lueiugutls

129 4358 353 4417 absorbeantur.
1006 4380 1134 4437 namque
1144 4364 1239 4422 verbis
1252 4366 1378 4439 percutit
1389 4365 1572 4440 Galatas,qui
1580 4367 1756 4443 imitatijam
1765 4366 1819 4424 lue·

164 4448 363 4516 munuum,
379 4454 435 4505 etc.
466 4446 671 4506 Infirmitatem
700 4466 828 4523 namque
855 4455 952 4511 carnis
1006 4455 1523 4523 rantbouaiuteutioue,sedtamen
1539 4473 1596 4515 nou
1612 4456 1821 4533 sumptuquit

127 4552 229 4595 eorum
245 4555 367 4611 parvum
383 4537 511 4612 appellat
534 4537 714 4595 intellectum
729 4558 735 4608 ;
752 4541 837 4612 quasi
852 4542 947 4599 dicat:
964 4570 989 4636 D
1006 4547 1174 4600 recesserat.
1186 4544 1221 4599 lit
1231 4543 1285 4599 hoc
1299 4548 1353 4615 est,
1363 4545 1441 4616 quod
1453 4546 1573 4603 subdit:
1590 4546 1624 4604 dt
1636 4562 1696 4605 uon
1710 4554 1819 4613 terrm

126 4626 191 4684 Nou
204 4627 394 4700 profundiora
403 4628 557 4700 predicavi
568 4628 662 4698 robis,
670 4629 720 4684 ead
733 4644 835 4701 eaque
847 4647 950 4704 capere
1004 4649 1066 4688 cum
1078 4646 1203 4705 praesens
1216 4649 1279 4688 sum
1307 4633 1381 4705 apud
1408 4650 1474 4701 υοε,Ι
1499 4635 1584 4707 quasi
1613 4635 1744 4695 diceret:
1764 4634 1821 4693 lieu

126 4715 274 4786 potuistis.
290 4716 513 4772 Etteatutionem
527 4724 656 4789 aetham,
685 4722 740 4774 ete.
770 4719 851 4784 Quod
868 4719 947 4790 dicit,
1004 4726 1118 4777 tantum
1135 4736 1182 4778 me
1196 4721 1355 4778 imitamini
1369 4738 1438 4779 cum
1452 4725 1558 4780 adsum
1574 4725 1625 4782 sed
1653 4725 1746 4783 etiam
1760 4734 1821 4782 cum

126 4805 481 4872 teututteuemmotaudum
493 4805 562 4878 quia
572 4806 601 4861 in
612 4806 949 4881 primordiosuepredi·
1002 4810 1116 4867 desum.

124 4891 248 4948 cationis
274 4893 434 4964 Apostolus
462 4894 572 4950 multas
599 4895 718 4966 pertulit
746 4897 946 4972 adversitates,
1037 4900 1111 4972 (940)
1126 4900 1389 4973 Sequitur3l'itioti
1409 4904 1475 4970 mei,
1487 4916 1552 4976 quos
1572 4904 1677 4960 iterum
1688 4903 1819 4979 parturit.

122 4980 284 5055 multisque
298 4981 540 5040 tribulationibus
550 4987 595 5040 est
602 4983 728 5040 sillictus
739 5001 746 5040 :
759 5000 823 5058 que
834 4992 946 5059 potarat
1001 4993 1056 5045 etc.
1067 4989 1142 5045 Saue
1153 4989 1314 5045 notandum
1326 4990 1397 5062 quie
1406 5007 1465 5047 uon
1475 4991 1547 5048 dicit
1559 5009 1566 5049 :
1578 4993 1658 5060 Quos
1674 4992 1818 5068 parturio:

144 5174 231 5260 itm)
244 5174 299 5232 Per
311 5192 440 5260 errorem
451 5178 513 5235 loco
526 5180 630 5250 cogniti
641 5181 703 5234 sitis
726 5180 834 5253 legitur
847 5196 944 5254 cepna-
1034 5185 1098 5259 (936
1122 5184 1219 5242 Hicin
1236 5190 1304 5243 auto
1327 5228 1334 5243 .
1352 5204 1444 5260 marg.
1460 5188 1487 5245 le
1509 5188 1569 5245 itur
1580 5205 1646 5263 cap.
1664 5188 1740 5247 XXI.

120 5248 644 5322 ardu,utexruserioribuspatebit.
706 5321 734 5333 ..
921 5325 926 5337 Ι
1034 5258 1096 5327 (937
1123 5258 1301 5329 lixasqueut
1336 5258 1448 5314 usluce
1476 5205 1585 5319 clarius
1613 5266 1740 5335 apparat
1760 5258 1816 5317 locu

157 5317 231 5390 (934)
245 5319 334 5376 Exod.
348 5337 430 5389 xxm,
446 5322 489 5389 14,
505 5327 534 5377 et
550 5337 655 5404 seqq,
669 5320 784 5402 scilicet
804 5323 943 5381 solemm-
997 5345 1010 5384 s
1030 5331 1138 5396 iritum,
1154 5333 1186 5383 ut
1196 5327 1226 5383 iu
1237 5332 1335 5403 antog.
1347 5329 1504 5402 legendum
1515 5332 1714 5407 chetatummti
1723 5346 1816 5392 emen·

120 5389 209 5442 tatem
223 5391 411 5462 murorum,
426 5395 455 5448 et
469 5407 574 5448 messia
589 5392 815 5468 primitivorum,
825 5401 854 5452 et
873 5413 942 5454 cou-
1018 5399 1142 5456 avimus.

116 5461 326 5518 commotionis
340 5462 371 5519 in
386 5464 466 5549 exitu
482 5463 562 5519 anni.
589 5535 594 5546 ¹
694 5536 700 5547 ·
1042 5471 1095 5525 938
1122 5471 1152 5526 ln
1170 5473 1267 5552 autog.
1284 5486 1376 5555 marg.
1393 5470 1441 5530 hic
1455 5471 1564 5549 legitur
1577 5490 1643 5550 cap.
1659 5474 1751 5535 XXll.

151 5527 226 5600 (935)
240 5529 376 5589 Fortasse
398 5550 423 5590 rr
446 5542 593 5592 recorrectt
606 5537 782 5605 mansuem,
812 5538 856 5596 vel
874 5541 941 5610 post
1042 5542 1094 5598 939
1120 5541 1254 5599 Christus
1268 5542 1411 5602 videlicet.

115 5598 280 5681 {murator
291 5604 542 5684 subaudiendum,
558 5605 725 5681 reticuisset.
1042 5613 1095 5672 utu
1119 5613 1151 5674 la
1165 5615 1265 5689 areg.
1282 5626 1377 5695 marg.
1391 5614 1439 5677 hta
1453 5613 1564 5702 legitur
1573 5624 1638 5706 αρ’.
1652 5614 1759 5683 xxm.
