3908 6096
82 377 88 385 ,
125 296 183 363 aar
392 268 606 370 *nxecsmo
627 307 666 368 nv
689 308 904 370 arrsronas
928 309 1053 370 rauna
1068 310 1157 370 -nv
1179 284 1304 372 nrrsr'.
1327 311 1379 371 an
1401 308 1557 372 conoss.
1763 310 1823 371 aaa

126 433 196 505 quia
212 435 330 506 agnovit
344 452 424 502 eum,
448 436 477 491 in
495 453 552 508 quo
575 439 702 509 perlecta
727 441 830 504 virtus,
855 441 946 512 perl'e-
962 445 988 508 Α
1002 438 1091 509 Cujus
1106 443 1288 513 vagationem
1305 441 1410 496 melius
1421 441 1637 513 cognoscimus,
1653 443 1677 496 si
1693 442 1756 513 ejus
1772 443 1822 498 ad·

125 527 232 594 ctsqnc
248 524 392 596 sapientia
408 531 460 582 est.
478 528 628 599 Quidquid
644 529 721 584 enim
737 529 805 583 alibi
821 545 851 583 se
865 535 948 600 puta-
1003 526 1061 581 hua-
1072 529 1107 582 ad
1125 529 1288 583 Corinthios
1307 530 1394 585 verba
1410 546 1578 600 pensamus.
1600 530 1647 584 Ab
1661 530 1758 585 enim:
1779 533 1822 587 l'e-

125 611 197 668 verit
212 614 351 685 invenire,
374 614 456 686 plene
471 616 500 670 in
526 616 591 687 hoc,
618 622 647 671 et
665 617 781 673 abunda
810 617 947 673 inveniet.
1001 617 1080 671 niam
1094 617 1129 673 ud
1140 634 1262 680 aceram
1276 618 1460 673 himelconem
1471 622 1673 689 pertranseam
1688 635 1755 672 nam
1765 619 1821 673 bla-

126 700 200 756 Nam
217 702 287 773 quid
304 703 467 775 sapientius
487 704 662 761 Salomone?
676 706 748 769 Quid
775 706 948 779 prudentius
993 704 1143 781 ,remmam
1151 708 1333 778 pertransibo.
1350 707 1427 778 Apud
1440 723 1487 762 aas
1500 708 1627 777 forsitam
1640 708 1821 777 mehetabel
1845 765 1849 781 ,

124 789 260 845 Daniele?
276 792 331 857 Qui
346 794 400 847 bus
415 792 507 848 idirco
535 795 609 850 Deus
624 811 681 869 ppae
701 797 811 850 caeteris
833 795 947 867 sapien·
1001 797 1085 850 etiam
1098 795 1220 850 hiemabo
1236 795 1308 866 (Cor.
1324 812 1381 860 xvi,
1396 797 1434 864 5).

126 877 199 935 tiam
210 879 299 948 dedit,
319 888 350 934 ut
365 887 468 937 rantum
481 884 588 938 laceret
603 883 771 941 infidelibus
799 885 888 940 totius
916 900 948 940 se
1036 882 1112 938 Sicut
1137 900 1199 955 erpo
1228 885 1369 952 accepistis
1397 885 1541 941 Christum
1562 885 1655 941 iesum
1673 886 1821 941 Dominum

124 969 277 1040 sapientie
297 985 360 1025 esse
376 978 534 1027 auctorem.
545 972 948 1044 Deniquellabuchodonosor
1000 977 1134 1036 nostram,
1146 976 1175 1028 in
1187 976 1244 1045 ipso
1259 973 1403 1028 ambulate
1429 974 1555 1040 radicati,
1571 978 1597 1028 ct
1610 973 1822 1045 superedificati

123 1056 315 1114 dicitDanieli
330 1059 480 1116 admirans
495 1078 583 1133 super
598 1062 770 1134 sapientiam
784 1064 868 1133 ejus:
885 1063 946 1116 Vere
1000 1061 1032 1115 iu
1045 1063 1114 1132 ipsc,
1128 1062 1225 1133 etjam
1240 1062 1342 1117 hrmcti
1359 1061 1423 1132 fide,
1437 1065 1509 1117 sicut
1523 1074 1548 1118 et
1562 1062 1706 1133 didicistis,
1730 1063 1817 1118 abun·

132 1147 203 1202 heus
217 1151 304 1202 vester
319 1151 425 1219 ipseest
439 1154 512 1205 Deus
534 1155 657 1217 rivaret,
673 1154 798 1223 aperiens
815 1154 946 1223 mysteria
998 1148 1131 1205 dantesie
1148 1152 1196 1206 itte
1211 1152 1410 1221 inperitorum
1438 1153 1552 1206 amicae.
1582 1155 1641 1207 Hoc
1657 1156 1764 1216 monet,
1791 1156 1819 1207 et

123 1235 209 1303 (hau.
228 1253 259 1303 u,
276 1237 331 1303 47).
360 1237 442 1301 Quod
470 1239 588 1310 quidem
616 1257 732 1295 curnem
760 1238 945 1295 incredulum
993 1236 1142 1307 hartman,
1160 1239 1433 1295 nedevotioaorum
1451 1239 1643 1308 minueretur,
1659 1245 1687 1295 et
1703 1240 1816 1296 recede·

127 1323 200 1380 latet
214 1325 243 1379 in
255 1324 370 1381 Christo
386 1343 502 1382 omnem
518 1343 582 1384 esse
597 1328 769 1400 sapientiam
784 1347 791 1396 ;
807 1328 945 1401 quianon
998 1331 1064 1382 rent
1078 1343 1095 1381 a
1107 1328 1173 1398 fide,
1191 1345 1279 1400 quam
1293 1328 1408 1383 fuerant
1419 1328 1556 1398 assecuti,
1566 1328 1700 1401 etpravis
1711 1328 1819 1384 tabulis

125 1411 231 1486 legunt
245 1413 275 1468 in
291 1414 454 1487 Evangeliis
468 1416 667 1487 astrologiam,
688 1436 746 1473 non
761 1419 791 1472 in
806 1419 945 1490 Apostclo
998 1416 1090 1477 eversi
1105 1417 1189 1473 aliter
1203 1418 1350 1473 Christum
1361 1415 1534 1489 acciperent,
1544 1434 1631 1488 qaam
1643 1418 1816 1474 didicerant.

126 1503 330 1575 geometriam,
355 1520 412 1560 non
432 1505 462 1559 in
482 1508 625 1579 propbeta
649 1506 864 1564 arithmeticam
893 1526 945 1565 nce
999 1505 1084 1562 Multi
1100 1507 1178 1562 enim
1194 1511 1378 1579 corruptores
1395 1507 1462 1561 hdei
1476 1506 1671 1562 circumibant
1685 1507 1720 1562 ad
1732 1507 1818 1562 sedu-

127 1592 273 1647 musicam
291 1592 489 1664 :quaideirco
500 1595 637 1667 despecta
651 1597 946 1669 suntanostris,quia
998 1596 1106 1651 candos
1120 1595 1280 1667 simplices,
1296 1595 1445 1665 dolose,et
1464 1611 1530 1651 eum
1560 1594 1748 1652 simulatione
1766 1613 1818 1651 an-

121 1681 159 1736 ad
177 1680 376 1737 salutemnon
394 1684 549 1755 pertinent,
572 1688 622 1741 sed
651 1686 746 1759 magis
775 1688 896 1741 mittunt
913 1687 943 1742 in
998 1683 1817 1758 nuntiantesChristum,qaosevitarimonetmagnaeau·

120 1785 265 1836 errorem,
280 1775 309 1826 et
323 1777 458 1828 revocant
472 1791 489 1828 a
503 1773 572 1840 Deo,
588 1779 620 1829 ut
630 1776 700 1829 dnm
711 1774 758 1830 his
769 1775 888 1830 student
898 1793 944 1831 ra·
997 1773 1107 1840 tela,ut
1120 1774 1250 1842 stabiles,
1262 1774 1372 1829 etlirmi
1389 1790 1479 1845 supra
1489 1773 1715 1829 tundamentum
1726 1774 1820 1828 Trini-

124 1856 350 1916 tiocinationum
366 1861 625 1933 disputationibus,
641 1880 741 1919 curam
766 1864 869 1920 anime
885 1882 944 1921 sue
960 1824 984 1889 B
998 1863 1068 1918 tntis
1083 1880 1133 1935 spe
1150 1866 1314 1918 futurorum
1330 1863 1440 1934 gratias
1456 1862 1560 1918 uberes
1587 1866 1707 1935 agerent
1731 1878 1820 1934 snper

124 1963 186 2002 non
202 1947 337 2004 habeant.
353 1950 420 2014 Quae
436 1951 515 2006 enim
535 1955 596 2007 tam
625 1967 692 2007 vera
720 1953 864 2025 sapientia
888 1959 943 2022 est,

124 2035 185 2093 nisi
200 2037 369 2109 cognovisse
383 2041 460 2110 quod
485 2041 586 2111 prosit,
616 2046 645 2096 et
672 2042 840 2113 despexisse
865 2043 943 2114 quod

120 2125 227 2182 obsit?
240 2126 330 2183 Obesi
344 2128 434 2193 enim,
450 2128 652 2201 quiaimpedit
666 2131 781 2194 anima,
798 2148 833 2186 ne
843 2147 943 2187 curam

118 2206 170 2271 eui
185 2219 262 2287 agat.
273 2216 336 2272 Non
350 2217 498 2274 immerito
514 2219 639 2291 ergoqui
655 2219 803 2275 christum
815 2219 942 2291 agnovit,

118 2300 234 2359 invenit
245 2303 416 2361 thesaurum
441 2306 590 2379 sapientia
619 2312 647 2362 et
661 2307 808 2362 scientia:
825 2309 944 2380 agnovit

115 2391 202 2463 ‚enim
219 2392 479 2464 quideisitutiie‚
496 2399 528 2449 ut
558 2411 676 2450 omnem
705 2412 870 2452 sermonem
898 2396 943 2452 vel

119 2495 256 2548 sensum,
267 2480 317 2553 qui
332 2488 437 2554 prater
452 2482 535 2538 illum
550 2489 605 2548 est,
621 2501 679 2540 non
695 2484 790 2540 solum
806 2502 865 2541 non
886 2487 944 2541 mi·

119 2569 240 2635 remini,
255 2573 305 2625 sed
321 2572 409 2626 etiam
425 2572 580 2628 stultitiam
597 2573 753 2644 deputetis.

94 2724 102 2731 ,
160 2659 316 2716 llccautem
329 2661 401 2726 dico,
416 2665 446 2716 at
460 2677 537 2717 nemo
551 2677 596 2717 uos
615 2661 734 2734 decipiat
764 2665 793 2718 in
821 2664 945 2719 sablimi-

114 2750 183 2811 tute
197 2765 354 2806 serenorum
366 2750 424 2805 Hoc
439 2751 516 2817 dico,
531 2750 637 2823 inquit,
654 2757 687 2806 ut
710 2768 795 2807 nemo
809 2768 861 2808 vos
888 2753 943 2808 cir-

121 2837 944 2912 cumveniatinverisimilisermone;quiavaritatisamo·

122 2926 359 2991 reducebantur,
370 2927 701 2983 verisimilitudineillos
712 2929 946 2992 timuit,nedeci-

119 3020 280 3087 parentum
297 3020 325 3070 et
339 3015 636 3073 idcocommendavit
651 3016 680 3071 in
701 3016 829 3082 Christo,
859 3033 946 3088 quem

121 3101 332 3161 dulcissimum
350 3104 497 3160 habebant
510 3098 693 3176 thesaurum,
705 3104 817 3161 scilicet
831 3105 944 3177 sapien-

998 1951 1200 2008 misericcrdia
1211 1952 1268 2007 ltci.
1282 1952 1379 2008 Nutrit
1388 1952 1467 2007 enim
1478 1967 1538 2016 eos,
1550 1957 1582 2006 ut
1592 1966 1712 2022 capaces
1722 1957 1820 2006 essent

998 2040 1267 2112 participandorum
1289 2040 1496 2096 thesaurorum
1511 2039 1640 2096 scientie
1661 2044 1690 2095 et
1701 2039 1817 2112 sapien·

997 2129 1055 2194 tiae,
1073 2130 1123 2198 riui
1138 2133 1208 2184 sunt
1222 2129 1385 2184 absconditi
1398 2129 1601 2207 inChristo‚nc
1612 2134 1817 2201 tanquamnon

999 2217 1171 2274 eintadhac
1187 2219 1293 2288 idonei,
1314 2223 1342 2273 et
1351 2217 1501 2273 verisimili
1510 2233 1644 2273 sermone
1654 2216 1816 2288 capientur,
1853 2287 1859 2298 ,

998 2312 1026 2362 et
1041 2322 1058 2360 a
1072 2307 1202 2362 veritatis
1218 2308 1321 2364 itinere
1336 2307 1452 2364 devient
1463 2324 1470 2374 ;
1483 2306 1547 2362 ideo
1562 2306 1711 2379 adjungit:

1036 2396 1253 2468 tristemque
1280 2413 1326 2452 uos
1352 2397 1472 2468 decipiat
1497 2412 1548 2467 per
1566 2396 1779 2468 philosophiam,
1796 2402 1822 2450 et

999 2485 1113 2539 inanem
1128 2487 1282 2553 fallaciam,
1297 2486 1444 2541 secundom
1463 2485 1638 2542 traditionem
1665 2484 1820 2553 hominum,

998 2574 1145 2629 secuudum
1156 2576 1290 2631 elementa
1304 2575 1411 2645 muudi,
1418 2578 1442 2631 et
1450 2591 1504 2630 nou
1513 2574 1661 2630 secuudum
1672 2573 1820 2629 Christum.

1000 2662 1217 2735 Philosophiam
1234 2665 1305 2719 dicit
1319 2670 1476 2731 terronam,
1494 2679 1649 2735 perquam
1665 2662 1759 2719 solent
1779 2678 1822 2717 se·

999 2752 1065 2808 duci
1083 2753 1132 2824 qui
1143 2754 1265 2824 cupiunt
1278 2754 1434 2825 prudentes
1440 2753 1568 2824 judicari
1585 2753 1614 2807 in
1627 2752 1823 2808 mundeham

999 2841 1183 2912 argumentis
1198 2847 1227 2896 et
1238 2840 1399 2897 subtilitate
1410 2843 1603 2897 minutiarum
1626 2841 1822 2912 quorumdam

1000 2929 1195 3000 componitur,
1212 2928 1296 3000 quasi
1305 2930 1439 3001 physicas
1450 2929 1668 3002 investigaverit
1683 2929 1822 2995 rationes,

1001 3000 1822 3086 quedamhabensadmista,quaehortamentasintbone

1000 3103 1064 3157 vitra
1080 3103 1122 3159 vel
1149 3105 1324 3160 documenta
1340 3104 1561 3175 :aliquandode
1574 3104 1731 3169 mensuris,
1755 3121 1822 3161 nec-

121 3191 172 3248 tie
188 3196 216 3247 et
230 3192 358 3251 scientia
373 3196 458 3264 cujus
472 3194 589 3248 nomine
603 3195 834 3265 etprcmissione
848 3194 946 3250 induci
963 3207 984 3272 ρ
1004 3193 1251 3260 nondenumeris,
1264 3194 1465 3265 aliquandode
1475 3192 1685 3249 elementorum
1696 3193 1823 3265 qualita-

122 3286 261 3354 poterant
277 3282 306 3336 in
319 3297 457 3337 errorem.
474 3280 644 3338 Commouet
661 3283 740 3338 enim
758 3281 838 3338 nain
855 3282 946 3338 malo·

120 3387 192 3426 rum
209 3369 376 3442 colloquiis,
391 3372 535 3427 etaetatis
549 3371 713 3443 iniquitatis
724 3389 829 3427 sensus
845 3389 947 3428 eorum

120 3459 797 3531 transduceretur;quiasapientesmundiarte
807 3461 948 3532 quadam,

120 3552 156 3613 et
171 3547 305 3604 minutiis
318 3548 550 3619 disputationum
567 3547 679 3604 irretire
689 3550 819 3621 gestiunt
834 3549 948 3623 simpli·

124 3637 206 3695 cium
223 3636 348 3704 animas,
366 3642 397 3693 ut
411 3637 523 3703 ratione
538 3638 754 3693 mundanarum
770 3654 867 3697 rerum
879 3639 945 3695 abs-

124 3726 247 3783 trahant
262 3742 312 3783 eos
327 3744 344 3782 a
359 3743 421 3798 spe,
437 3743 501 3799 quaa
517 3731 561 3782 est
574 3726 604 3781 in
623 3725 748 3782 Christo.

164 3817 233 3871 Nam
245 3817 296 3871 etsi
309 3831 427 3887 corpore
441 3816 614 3885 abscessum,
630 3816 676 3870 sed
686 3817 789 3887 spiritu
798 3817 948 3872 uobiscum.

128 3905 197 3962 ldeo
209 3904 244 3960 de
253 3903 449 3970 illistimebat,
457 3903 595 3976 quoniam
607 3903 829 3975 quideisadhuc
837 3906 951 3961 deesset

127 3995 255 4051 videbat.
268 3992 349 4049 Unde
357 3997 386 4049 et
396 3992 531 4064 sequitur
542 3991 819 4048 :Gaudensctuideus
827 3994 952 4049 ordinem

127 4089 272 4146 uestrumr
287 4091 316 4139 et
333 4083 463 4155 suppleas
488 4082 517 4137 id
531 4081 601 4152 quod
628 4080 699 4137 deest
727 4083 869 4152 utilitati(
888 4084 950 4154 232)

127 4173 195 4247 fidei
212 4173 317 4229 vestire.
333 4172 475 4227 Cernebat
496 4171 597 4242 utique
622 4172 780 4243 quamdam
810 4171 951 4228 fabricam

128 4260 304 4335 spiritalem,
314 4260 467 4317 sicutalibi
477 4259 776 4330 decit:heiaedihcatio
786 4260 950 4332 estisthor.

84 4362 92 4379 ·
124 4352 227 4422 .111,9)·‚
239 4351 302 4406 etin
313 4349 667 4419 eaceruabatutrumque,
679 4350 791 4404 etunde
801 4351 951 4421 gauderet,

130 4445 161 4497 et
172 4440 251 4494 unde
266 4443 417 4511 satageret.
436 4437 587 4493 Gaudebat
601 4454 635 4493 ex
650 4454 683 4493 ec
699 4440 775 4509 quod
788 4439 852 4509 jam
863 4439 952 4493 adib-

1003 3281 1083 3337 tibus
1097 3288 1126 3337 et
1140 3283 1356 3353 quantitatibus
1367 3282 1546 3338 ordinatam
1557 3284 1643 3354 cujus
1653 3283 1825 3355 disputatio-

1003 3369 1090 3426 nibus
1106 3372 1155 3442 qni
1171 3371 1316 3438 inciderit,
1332 3372 1389 3443 vix,
1405 3376 1434 3428 et
1450 3388 1514 3427 raro
1530 3371 1642 3427 evadet.
1673 3372 1825 3431 Detinetur

999 3459 1082 3515 anim
1098 3459 1307 3516 verisimilibus
1322 3462 1431 3527 causis,
1448 3467 1477 3517 et
1491 3460 1701 3518 commentitiis
1725 3462 1824 3530 rebus,

1004 3548 1078 3603 nihil
1094 3553 1154 3603 tam
1168 3566 1269 3604 verum
1276 3551 1436 3621 estimans,
1451 3566 1538 3622 quam
1547 3551 1725 3623 conspicitur
1739 3556 1767 3606 et
1780 3551 1826 3605 in-

1004 3636 1148 3710 telligitur
1162 3637 1365 3695 inelementia.
1376 3639 1555 3712 thniaquae
1568 3639 1602 3694 ad
1611 3643 1826 3711 praesenssunt,

1004 3733 1034 3782 et
1044 3731 1205 3783 cernuntur
1216 3726 1319 3794 oculis,
1336 3727 1437 3783 suavia
1446 3732 1475 3783 et
1485 3727 1669 3783 oblectabilia
1679 3728 1825 3792 videntur,

1005 3814 1173 3887 aliquantos
1184 3817 1391 3887 seducunt,qui
1402 3815 1566 3887 spiritalem
1578 3817 1721 3871 rationem
1729 3815 1826 3887 despi-

1005 3904 1348 3970 ciendam‚etridendnm
1364 3909 1469 3976 putant
1497 3905 1700 3975 desperatione
1724 3905 1825 3969 loturi,

1005 4009 1121 4048 omnem
1134 3993 1192 4047 vim
1209 3992 1296 4048 astris
1313 3993 1498 4064 assignantes
1514 3992 1622 4047 carnali
1652 3992 1756 4048 rationi
1773 3993 1825 4048 ab·

1005 4081 1094 4148 noxii,
1111 4080 1253 4153 negravia
1268 4080 1412 4136 credenda
1424 4081 1483 4136 sint
1491 4080 1606 4136 sustolli
1616 4079 1825 4151 posseincoelo.

1006 4187 1076 4227 neve
1088 4170 1162 4226 levia
1171 4170 1269 4225 venire
1283 4170 1320 4225 ad
1335 4177 1437 4239 terras,
1455 4175 1505 4225 aut
1520 4169 1629 4241 aliquid
1654 4185 1826 4242 corporeum

1006 4260 1175 4316 sinererum
1196 4259 1371 4315 nondumne
1379 4260 1522 4330 generari,
1538 4264 1733 4331 repugnantes
1742 4265 1827 4331 poten

1007 4349 1054 4404 tim
1065 4365 1099 4404 ac
1110 4349 1296 4420 providentiae
1311 4349 1477 4404 bei.tteiunt
1500 4348 1578 4404 enim
1595 4347 1652 4421 lagi
1669 4349 1698 4402 in
1722 4336 1837 4404 divinis*

1008 4437 1155 4493 veteribus
1171 4437 1356 4493 Hebraeorum
1367 4437 1566 4511 voluminibus
1579 4437 1673 4492 multa
1687 4443 1832 4510 gesteper
1896 4459 1904 4471 ·

130 4527 210 4587 cium
220 4528 345 4595 videbat,
355 4527 508 4598 satagebat
515 4542 548 4581 ex
555 4542 588 4581 eo
600 4527 677 4597 quod
689 4528 825 4598 usquead
837 4526 954 4583 culmen
1009 4527 1138 4599 Moysen,
1156 4542 1220 4598 qum
1237 4525 1367 4581 bumana
1382 4526 1454 4580 ratio
1465 4542 1523 4580 non
1538 4526 1616 4597 capit
1629 4525 1733 4593 ;simiii
1745 4525 1832 4581 modo

131 4615 319 4691 perfectionis
329 4615 424 4669 adhuc
436 4615 640 4670 aedilicandum
650 4616 954 4672 essesentiebat.llcce
1009 4615 1081 4671 etin
1099 4617 1179 4670 novis
1194 4615 1276 4670 libris
1287 4619 1389 4670 l'actaa
1405 4615 1536 4684 homino,
1553 4619 1603 4668 aut
1614 4631 1665 4685 per
1675 4613 1832 4686 apostolas,

130 4703 955 4778 quomodosanctodesiderioquasivagatur.Hiccorpore
1009 4721 1073 4778 quae
1089 4709 1230 4759 tractatus
1245 4704 1371 4759 carnalis
1382 4703 1609 4774 probibetcredi.
1629 4703 1833 4775 [tieunt.(l233)

131 4793 349 4863 tenetnr3illuc
376 4793 480 4864 spiritu
507 4793 633 4847 ducitur.
666 4794 823 4864 bttpaterni
845 4794 954 4850 amoris
1009 4791 1612 4864 exnihiloherinihilposse;etanimam
1634 4798 1685 4847 ant
1714 4793 1831 4848 initium

132 4884 273 4941 affectum
290 4882 355 4937 istis
371 4881 556 4952 praesintibus
566 4881 683 4937 exhibet
695 4900 701 4948 ;
714 4882 771 4937 illis
784 4883 955 4939 absentibus
1010 4897 1068 4936 non
1084 4882 1199 4947 habere,
1211 4886 1262 4936 aut
1276 4896 1340 4936 esse
1356 4880 1507 4937 mortalem
1519 4899 1526 4949 ;
1543 4886 1572 4936 et
1581 4881 1723 4953 virginem
1733 4895 1833 4953 parere

132 4971 275 5031 ostendit.
291 4974 392 5025 Corum
410 4968 515 5040 positis
529 4968 673 5041 impendit
687 4987 794 5041 opera,
813 4972 957 5027 audienti·
984 4968 988 4975 ’
1012 4986 1069 5025 non
1085 4987 1182 5041 posse,
1193 4975 1243 5024 unt
1258 4969 1282 5023 si
1304 4971 1424 5041 peperit,
1441 4975 1473 5025 ut
1489 4971 1581 5040 aiunt,
1597 4971 1680 5043 virgo
1691 4987 1748 5025 non
1764 4972 1808 5023 est
1824 4983 1831 5033 ;

131 5062 193 5119 bus
203 5059 339 5131 exprimit
353 5065 434 5114 vota:
452 5058 607 5113 etlicaciter
617 5075 743 5129 praesens
759 5060 802 5114 eis
817 5061 957 5132 cuniqui·
1012 5063 1205 5130 Deumqueex
1216 5057 1334 5114 homine
1350 5059 1442 5128 nasci,
1456 5061 1541 5129 muri,
1568 5064 1657 5131 atque
1682 5070 1832 5127 resurgere

132 5150 195 5207 hue
204 5155 277 5214 erat,
287 5152 433 5203 nectutem
444 5147 956 5218 illisabseus,cumquibusnonerut.
1014 5149 1137 5209 stultum
1149 5164 1213 5202 esse
1228 5149 1518 5204 credereaatumant.
1531 5153 1612 5203 Hanc
1622 5163 1690 5218 erge
1702 5145 1833 5200 traditio·

171 5254 264 5328 (1232)
281 5253 366 5326 Vulg.
380 5271 436 5308 non
453 5254 502 5321 ita,
531 5253 579 5308 sed
595 5269 601 5308 :
618 5253 777 5324 praenes
794 5254 887 5310 aridem
915 5270 959 5309 cr·
1050 5255 1142 5326 (1233)
1159 5254 1189 5309 In
1205 5254 1268 5309 cod.
1294 5254 1399 5327 legitur
1414 5256 1534 5311 dicentes
1550 5275 1559 5314 .·
1574 5253 1652 5324 quod
1668 5267 1734 5306 aum
1761 5250 1834 5307 rela-

131 5327 229 5385 dieem
240 5329 372 5389 uestrum,
388 5331 423 5394 et,
440 5325 718 5397 firmamentumque
732 5341 794 5397 quae
809 5326 959 5382 inebrae
1013 5327 1092 5382 tione
1109 5331 1229 5393 careret,
1246 5331 1274 5381 et
1291 5328 1404 5397 ordine,
1421 5323 1635 5382 emendandum
1655 5323 1835 5379 censuimus.

133 5397 373 5468 erthiciuestrae.
392 5397 475 5468 Vulg.
493 5397 639 5451 consentit
663 5400 761 5451 Graeca
787 5396 873 5453 lectio
901 5398 960 5453 divi
1014 5398 1151 5462 Quamvis
1173 5397 1245 5452 illud
1270 5398 1387 5453 diceutes
1409 5415 1474 5453 cum
1505 5397 1617 5466 aliquot
1646 5395 1837 5465 sequentibus

133 5470 350 5542 Chrysostomi.
369 5469 450 5523 Hunc
468 5475 565 5522 autem
591 5472 702 5522 textum
719 5486 735 5522 a
750 5469 817 5523 divo
842 5470 962 5526 Ambra·
1014 5471 1148 5525 versibus
1172 5471 1308 5525 deverbn
1325 5470 1496 5524 adverbum
1519 5465 1656 5538 legantur
1672 5466 1701 5521 in
1731 5467 1837 5538 sapius

136 5544 264 5610 sic,seu
293 5541 403 5596 hilario
433 5539 618 5612 transcripsit
635 5545 736 5595 auctor
764 5548 872 5611 noster,
902 5557 962 5598 una
1016 5541 1065 5612 eit,
1082 5541 1189 5612 Pelagii
1206 5547 1386 5608 comment.;
1405 5539 1453 5594 ubi
1464 5537 1727 5596 dicentcsreiertad
1743 5538 1838 5614 pbilo-

138 5630 210 5676 cum
224 5628 332 5687 magna
346 5609 535 5687 expositionis
550 5610 684 5685 bpistola
697 5615 788 5687 parte.
1015 5611 1123 5686 sopbes
1138 5616 1203 5686 ejus
1217 5611 1369 5689 temporis.
