3908 6096
135 286 174 350 fl
632 288 815 354 s'rrouls
836 287 1129 353 venustianus
1152 290 1330 355 episcopi
1799 292 1838 358 28

135 436 209 479 auno
224 419 340 479 codiee:
356 418 491 480 videlicet
506 437 656 479 sermones
671 423 704 477 17
718 422 754 478 ad
770 421 931 495 populum;
947 424 976 478 et
991 420 1193 495 Polythyaum,
1209 423 1282 495 qaod
1296 424 1529 498 perpendiculum
1543 424 1677 498 appellat,
1688 440 1740 500 qao
1750 427 1839 483 acaia

135 511 303 583 redarpcare
316 515 345 567 et
359 512 472 568 honesta
482 514 591 568 sanem
605 511 760 577 debetcum
776 509 906 566 scholiis.

173 601 227 658 Pro
241 602 362 658 codicem
378 603 538 658 Vaticanum
553 601 706 656 transcribi
719 607 858 656 curarant
873 597 1042 654 bibliotheca
1063 599 1196 666 cumules,
1221 617 1256 657 ne
1282 609 1355 656 totas
1380 603 1502 674 periret:
1531 603 1652 660 cautim
1677 605 1767 674 prima
1780 619 1838 659 eer-

135 706 238 756 mones,
251 693 300 764 pai
313 694 363 748 uic
375 692 430 762 lapi
441 699 565 764 poseant,
583 698 611 746 et
625 691 689 747 idco
703 706 758 747 aaa
771 692 837 745 susat
851 689 1021 759 transcripti,
1037 691 1093 743 etc.
1110 689 1155 745 lta
1168 689 1281 746 clariss.
1297 691 1425 747 loannes
1438 691 1557 748 Bousiu
1568 690 1692 764 epistola
1702 691 1774 746 mihi
1786 708 1834 747 an.

138 779 207 835 leel
223 780 340 852 scripta.

174 868 206 924 In
223 869 338 925 attonis
348 867 505 940 Capitulari
517 866 776 923 animadvertenda
787 868 875 921 suut:
890 866 917 921 1ο
928 866 987 921 heo
1001 866 1089 921 verba
1102 865 1169 934 ides
1192 866 1326 922 calbolica
1349 866 1467 937 signant
1482 868 1655 940 Symbolum
1673 870 1836 938 Athanasii,

137 971 202 1028 que
213 957 243 1012 in
259 974 291 1013 so
303 974 388 1014 seusu
402 957 446 1012 bis
460 957 495 1012 ab
508 960 625 1012 auctore
638 960 819 1026 usurpantur
829 970 891 1022 cap.
904 955 930 1021 l,
942 958 1010 1020 stc..
1021 957 1049 1009 et
1061 971 1078 1009 a
1091 954 1228 1011 {lutherio
1238 955 1408 1024 Veronensi,
1420 956 1464 1012 vel
1481 961 1514 1012 ut
1525 957 1590 1013 aliis
1599 957 1693 1030 placet
1702 958 1837 1015 Udalricu

138 1060 292 1118 perperam
306 1052 416 1111 tamen,
431 1046 461 1101 in
486 1046 625 1117 synodica
640 1046 675 1100 ad
706 1044 908 1116 presbyteras:
937 1047 1098 1100 sennonem
1111 1047 1142 1099 at
1166 1046 1291 1115 superias
1319 1046 1394 1111 dici,
1423 1047 1573 1102 dibauasii
1596 1049 1719 1120 episcopi
1735 1049 1769 1104 de
1784 1047 1836 1118 fide

141 1136 291 1200 Trinitatis,
307 1136 385 1205 cuijus
400 1136 514 1189 initiam
529 1142 578 1190 est.
597 1135 756 1216 Quicrroqae
771 1133 839 1196 uult,
854 1138 908 1188 eto.
925 1131 1057 1188 Riaullus
1072 1149 1190 1204 quoque
1204 1133 1304 1189 eadem
1333 1151 1422 1206 prope
1446 1135 1533 1191 habet
1556 1136 1585 1191 iu
1608 1153 1671 1208 oap.
1686 1137 1704 1191 5
1718 1135 1833 1193 Consti·

136 1228 193 1280 tut.
212 1241 218 1279 :
238 1225 270 1282 lit
288 1225 475 1295 uuusquisque
490 1232 612 1278 uestrum
624 1221 760 1294 psalmos,
777 1224 802 1276 ct
815 1237 968 1277 samonem
982 1221 1209 1291 tideieatliolicae,
1224 1224 1301 1292 osias
1315 1224 1450 1279 initiam:
1467 1225 1640 1297 Quicunque,
1656 1230 1711 1280 etc.

173 1315 203 1369 2⁰
217 1312 299 1368 Circa
314 1311 453 1368 seculum
465 1329 492 1366 11
504 1318 663 1367 conventus
674 1328 724 1367 seu
737 1309 907 1367 collationes
917 1310 1152 1384 presbyterorum
1167 1316 1334 1367 memorata
1350 1312 1380 1367 in
1403 1330 1468 1385 cap.
1492 1312 1676 1369 29institute
1692 1312 1782 1368 luisse
1796 1313 1838 1368 vi-

136 1401 246 1459 dentur
255 1418 291 1457 ex
305 1417 368 1473 cap.
383 1401 416 1456 10
425 1401 528 1458 lliculll
543 1405 642 1457 suess.
658 1417 665 1456 :
679 1423 690 1449 s
705 1400 818 1456 Rationi
832 1416 950 1471 quoque
960 1399 1126 1471 proximum
1137 1416 1201 1457 esse
1212 1401 1372 1469 sanximus,
1384 1406 1416 1458 ut
1426 1403 1456 1458 in
1467 1419 1643 1475 unoquoque
1654 1417 1764 1458 meuse.
1776 1406 1837 1458 stu·

137 1492 200 1546 tuta
211 1490 268 1557 dic,
283 1489 368 1545 idest
380 1489 410 1545 iu
421 1488 559 1545 Kalendis
572 1488 805 1560 uniuscuiusque
816 1488 936 1558 mensis,
949 1505 1001 1561 per
1011 1488 1144 1562 singulas
1154 1490 1292 1547 decanias
1304 1491 1463 1564 presbyteri
1480 1491 1570 1548 simul
1579 1491 1762 1557 convenient,
1780 1507 1837 1547 non

138 1579 231 1652 pastis
242 1578 286 1635 vel
298 1578 499 1653 palationibus
513 1583 627 1644 vacent,
640 1578 690 1633 sed
703 1578 802 1633 desua
818 1577 992 1648 ministeria,
1008 1585 1038 1635 et
1052 1577 1189 1650 religiosa
1203 1580 1431 1649 conversatione,
1447 1584 1535 1652 alque
1555 1582 1592 1638 de
1609 1580 1657 1637 his
1672 1597 1735 1653 que
1750 1581 1778 1636 in
1789 1597 1839 1637 eo-

138 1683 204 1724 rum
219 1667 357 1738 parochia
367 1667 504 1725 accidunt
513 1682 679 1723 sermonem
690 1665 826 1731 habeant,
838 1671 866 1722 et
881 1666 1008 1738 qualiter
1022 1683 1074 1739 pro
1086 1683 1161 1739 rege,
1173 1666 1217 1724 vel
1229 1668 1390 1725 rectoribus
1400 1668 1547 1735 Ecclesia,
1558 1674 1646 1741 atque
1656 1686 1707 1742 pro
1719 1670 1782 1725 suis
1793 1671 1837 1726 ss·

139 1755 305 1812 miliaribus
316 1761 376 1812 tam
389 1757 461 1813 vivis
475 1774 563 1828 quam
575 1755 721 1812 defunctis
731 1772 815 1811 orare
825 1756 959 1823 debeant,
972 1756 1167 1812 considerent.
1181 1778 1195 1806 o
1206 1757 1269 1812 Huc
1280 1757 1474 1830 lacitcapilul.
1486 1779 1500 1809 »
1514 1757 1701 1815 lblliucmari
1712 1759 1747 1813 ad
1757 1775 1838 1831 pres·

137 1844 254 1918 byleros
265 1845 325 1917 (aab
337 1848 386 1917 fia.
399 1853 464 1902 torsi.
477 1848 490 1901 l
502 1845 581 1918 Opp.)
594 1863 600 1901 :
615 1869 625 1895 ι
639 1844 676 1901 Ut
691 1846 808 1917 quando
820 1845 980 1918 presbyteri
993 1861 1044 1917 per
1054 1844 1200 1901 Kalendas
1224 1845 1312 1902 simul
1334 1847 1529 1918 convenerint,
1553 1850 1618 1918 pest
1629 1850 1778 1919 peractum
1794 1845 1838 1901 di·

139 1932 240 1989 vinum
253 1933 458 2001 ministeriam,
475 1938 503 1990 et
518 1933 715 1990 necessarium
731 1933 927 2005 collationem,
944 1950 1002 1989 non
1017 1933 1101 2006 quusi
1118 1935 1153 1989 sd
1170 1934 1327 2006 prandium
1342 1934 1383 1990 ibi
1398 1935 1434 1991 sd
1446 1936 1576 1992 tabulam
1588 1935 1744 2002 resideant,
1757 1956 1770 1986 »
1782 1939 1837 1993 etc.

173 2022 203 2076 3ο
213 2022 306 2094 Caput
316 2023 351 2077 90
361 2023 509 2078 elucidare
520 2027 614 2095 potest
626 2023 703 2079 Beda
713 2023 742 2078 in
756 2023 865 2095 praelat.
877 2023 913 2079 de
925 2022 1070 2080 Remediis
1082 2028 1279 2096 peccatorum,
1291 2025 1351 2081 sive
1368 2023 1578 2097 penitentialis
1589 2041 1595 2081 ε
1618 2046 1633 2076 a
1650 2023 1778 2080 solerter
1792 2025 1841 2080 ad·

137 2113 290 2166 monentes
303 2110 421 2166 doctum
434 2127 581 2182 quemque
594 2112 775 2167 sacerdotem
787 2110 905 2178 Christi,
917 2112 990 2167 utin
1003 2112 1148 2169 universis
1163 2130 1226 2185 que
1243 2113 1290 2170 bic
1306 2114 1444 2171 adnotata
1459 2114 1574 2187 reperit,
1587 2130 1700 2179 sexum,
1712 2118 1838 2185 atatem,

139 2197 350 2264 conditionem,
366 2203 488 2264 statum,
507 2216 663 2271 personum
679 2200 823 2271 cujusque
838 2200 1040 2271 paenitentiam
1055 2216 1140 2273 agere
1154 2199 1286 2268 volentis,
1303 2201 1401 2273 ipsum
1416 2218 1533 2275 queque
1548 2218 1598 2257 cor
1612 2202 1782 2275 poenitentis
1793 2218 1842 2256 cu·

139 2285 216 2343 rinae
226 2285 383 2357 discernat,
395 2291 424 2342 et
437 2289 598 2343 secundum
613 2292 644 2342 ut
655 2287 711 2343 sibi
721 2290 816 2344 visum
829 2288 924 2358 fucrit,
937 2288 1304 2362 singulaquaqueJudicet.
1315 2290 1496 2356 Quibusdam
1506 2291 1840 2363 namqueacibisabsli-

138 2374 244 2444 nendo,
257 2374 405 2430 nonnullis
417 2378 524 2448 sepius
536 2392 632 2447 genua
643 2376 794 2442 flectendo,
806 2377 906 2433 sivein
917 2393 1002 2433 cruce
1012 2379 1128 2443 stando,
1140 2384 1192 2434 aut
1202 2377 1281 2434 aliud
1294 2377 1405 2450 aliquid
1416 2378 1585 2450 hujusmodi
1598 2380 1674 2452 quad
1688 2380 1724 2435 ad
1735 2395 1841 2451 purga·

137 2463 249 2519 tionem
257 2468 441 2535 peccatorum
452 2464 626 2537 pertineant,
634 2464 774 2521 iaciendo.
783 2487 797 2515 »
808 2466 960 2538 lpsissima
971 2467 1477 2538 repetitverbafieriveusllbemeus.
1486 2469 1515 2524 in
1523 2467 1840 2540 epistolsadWilouem

139 2552 326 2624 Rolhomag,
343 2569 407 2625 cup.
422 2554 467 2610 23.
485 2554 550 2610 Hac
564 2553 717 2620 Acherius,
733 2554 840 2626 quibus
855 2556 910 2612 hoc
926 2573 1018 2612 unum
1032 2556 1186 2626 addemus,
1208 2558 1286 2613 haud
1306 2574 1416 2630 paucas
1439 2557 1563 2614 lacunas
1587 2574 1604 2613 a
1628 2557 1711 2613 nobis
1727 2573 1841 2628 repara·

138 2646 184 2698 tas
194 2657 258 2697 esse
269 2639 298 2697 in
310 2641 383 2698 libra
397 2643 432 2699 de
444 2644 592 2700 Pressuris
603 2643 817 2708 ecclesiasticis,
829 2661 882 2717 ope
892 2661 948 2700 ms.
960 2645 1116 2716 eujusdam
1135 2646 1246 2702 codicis
1267 2646 1439 2704 manasterii
1450 2646 1653 2718 liesbscensis,
1669 2662 1756 2719 quem
1772 2661 1840 2701 cum

139 2730 316 2788 oonsulisset
330 2731 399 2789 olim
416 2736 449 2789 R.
466 2732 497 2791 P.
514 2733 547 2790 D.
564 2734 648 2790 Edm.
665 2734 805 2802 Martene,
822 2751 1003 2808 quecunque
1028 2751 1063 2793 ex
1077 2734 1126 2792 illo
1141 2740 1332 2809 exserpserat,
1353 2735 1507 2794 uobiscum
1530 2735 1745 2794 humanissime
1759 2750 1840 2792 oom-

138 2819 307 2877 municavit.

141 3036 1840 3089 Μ

748 3258 1232 3365 ΔΠΟΜΒ

770 3483 1035 3543 vuecuutuusls
1054 3482 1214 3542 ue1scoe1

650 3676 1357 3831 capitulien„

141 4096 209 4152 Gar.
225 4093 247 4150 1.
265 4125 298 4137 -
310 4092 465 4151 Admonitia
487 4093 626 4219 poatigcis
645 4091 686 4148 ad
712 4091 890 4163 presbyteros,
906 4105 972 4163 aaa·
984 4088 1012 4156 Α
1026 4086 1116 4161 uisse,
1126 4086 1195 4160 quie
1205 4102 1258 4143 uos
1269 4085 1377 4157 quibus
1392 4083 1586 4157 regendarum
1603 4083 1769 4140 animarum
1780 4098 1849 4139 cura

356 4167 423 4222 lilii
436 4181 505 4236 “9⁰
527 4181 559 4219 ⁸¹⁸
578 4164 648 4219 ‘1²²⁰‘
661 4171 756 4233 “tabl-
1024 4172 1846 4247 commiseeest,probisquinastrauegligentiapereunt,

178 4266 971 4344 (TheodulllcaputlCapitaluris.)0bseerovos,iratres
1025 4264 1167 4322 rationem
1180 4261 1322 4319 reddituri
1334 4277 1450 4318 sumus.
1461 4261 1516 4319 Pro
1526 4261 1575 4318 his
1589 4279 1657 4319 uero
1668 4276 1742 4335 quos
1751 4258 1847 4314 verbis

145 4358 341 4429 dilectissimi,
357 4363 391 4415 ut
417 4374 487 4430 erga
515 4357 701 4414 subditarum
730 4354 858 4428 plebium
879 4355 972 4429 prole·
1024 4358 1054 4410 et
1062 4352 1203 4427 exemplis
1216 4351 1320 4409 lucrati
1332 4350 1485 4418 fuerimus,
1497 4349 1650 4423 premium
1661 4354 1773 4406 eterne
1783 4350 1848 4401 vita

143 4452 224 4506 olum
235 4451 264 4503 et
273 4446 507 4504 emendationem
518 4443 745 4519 vigilantissima
754 4460 826 4500 curs
834 4442 971 4501 laboretis
1024 4442 1230 4515 percipiemus.
1247 4439 1363 4506 Quodsi
1384 4437 1511 4512 populus
1521 4435 1617 4494 fidelis
1631 4436 1714 4493 cilius
1727 4439 1773 4491 est
1786 4433 1849 4506 Dei,

143 4535 358 4611 quatenusillis
368 4534 444 4591 viam
453 4533 559 4590 salutis
567 4533 766 4604 ostendentes,
775 4539 804 4588 et
813 4549 863 4589 eos
875 4532 971 4589 verbis
1024 4531 1155 4603 ejusdem
1172 4528 1230 4585 cibi
1245 4528 1465 4585 condimentum
1481 4543 1534 4583 nos
1548 4541 1662 4581 sumus.
1677 4523 1785 4580 Scitote
1798 4539 1851 4579 ve·

144 4632 174 4683 et
187 4623 330 4696 exemplis
345 4624 536 4687 instruentes,
553 4629 582 4678 al
597 4640 647 4679 vos
663 4623 698 4677 de
713 4638 812 4678 earum
830 4622 969 4693 proiectu,
1025 4622 1119 4676 strum
1130 4614 1853 4691 gradumnostrograduisecundum,etpenecan·

144 4716 174 4769 et
189 4729 242 4768 nos
262 4712 297 4767 de
312 4718 418 4780 vestro,
435 4711 558 4768 Domino
572 4712 643 4767 lesu
666 4710 782 4768 Christo
801 4708 970 4782 auxiliante,
1020 4709 1157 4780 junctum
1169 4722 1244 4762 asse.
1257 4704 1338 4761 Sicut
1360 4704 1438 4760 euim
1463 4701 1592 4774 episcopi
1605 4702 1803 4773 apostolorum
1820 4703 1848 4757 iu

144 4798 970 4873 tructuososillimsuipulosreportemus.0bsecroetism
1025 4795 1164 4861 Ecclesia,
1176 4794 1218 4851 ita
1228 4794 1368 4850 nimirum
1397 4789 1558 4864 presbyteri
1581 4789 1850 4847 ceterorumdisai·

144 4889 357 4947 fraternitatem
379 4894 518 4960 vestram,
545 4894 578 4944 ut
607 4887 667 4944 hae
696 4886 972 4960 Capitula.qmsad
1025 4885 1162 4958 pulcrum
1174 4878 1850 4951 Domiuivicemtenent.Etillitenentgradum

143 4979 378 5036 emendationem
391 4979 456 5033 vite
468 4975 971 5050 breviterdigessi,assiduelegatis,
1026 4973 1135 5030 summi
1148 4970 1295 5045 pontilicis
1304 4972 1411 5034 Amen,
1422 4968 1472 5024 isti
1486 4984 1554 5025 vero
1565 4966 1694 5024 illiorum
1704 4968 1779 5038 ejus.
1796 4966 1851 5023 Un-

144 5070 174 5125 el
183 5068 331 5125 memorie
344 5066 567 5137 commendetis,
578 5071 607 5122 et
616 5064 972 5127 aarumsivecetersrum
1026 5062 1062 5119 de
1076 5064 1192 5134 oportet
1205 5076 1256 5116 vos
1270 5073 1386 5130 semper
1396 5072 1542 5113 memores
1551 5072 1615 5113 esse
1624 5059 1713 5112 mute
1723 5053 1849 5127 dignita·

145 5162 315 5214 sanctarum
328 5157 547 5229 Scripturarum
562 5153 685 5210 lectione
708 5168 972 5225 morescompona·
1025 5151 1075 5219 tis,
1092 5165 1236 5206 memores
1257 5152 1360 5203 vestras
1383 5144 1620 5209 consecrationis,
1643 5158 1789 5201 memores
1802 5159 1850 5200 sa-

143 5244 194 5315 tis,
206 5245 295 5302 vitam
308 5245 483 5310 emendetis,
497 5248 530 5298 ut
539 5259 607 5299 oum
618 5241 744 5299 subditis
755 5241 904 5314 plebibus,
914 5239 973 5313 api·
1025 5254 1184 5310 braquam
1198 5237 1229 5293 in
1243 5235 1381 5292 manibus
1396 5233 1568 5307 suscepistis
1585 5231 1742 5303 unctionis,
1754 5236 1786 5288 ut
1795 5247 1849 5289 nec

145 5333 259 5391 tulante
271 5335 404 5403 Domino,
415 5335 451 5391 ud
466 5349 556 5406 regua
567 5330 695 5387 caelestia
711 5346 830 5403 pergere
845 5330 970 5386 certetis.
1026 5328 1064 5386 sb
1078 5327 1180 5384 eadem
1192 5325 1335 5398 dignitate
1344 5323 1537 5396 degeneretis,
1548 5337 1601 5378 neo
1611 5325 1736 5378 vestram
1746 5335 1849 5377 aunse-

145 5444 213 5499 οη,
230 5442 264 5497 11,
284 5443 500 5498 -p01,·„0m2·0
527 5438 656 5511 ejusdem,
684 5441 710 5493 Α
733 5437 767 5492 a,
792 5435 900 5492 ordeni,
913 5434 972 5491 aa.
1027 5415 1187 5473 orationem
1202 5413 1316 5470 irritam
1333 5412 1456 5480 iacietis,
1485 5427 1539 5467 nec
1565 5426 1672 5468 manus
1684 5424 1768 5465 sacro
1783 5425 1851 5465 sau·

275 5516 397 5569 creticam
413 5513 543 5584 boaaeuae
557 5512 620 5567 uitae
635 5508 839 5566 exhortatione.
1027 5504 1116 5579 gaius
1132 5503 1279 5560 delibutas
1293 5502 1439 5576 peccando
1463 5498 1621 5572 polluatis,
1645 5498 1697 5556 seb
1711 5497 1807 5555 cordis
1823 5500 1852 5554 et

181 5601 277 5677 (ibid.)
292 5601 440 5661 veraciter
454 5617 541 5660 nosse
556 5598 681 5667 debetis,
696 5602 726 5654 et
741 5613 857 5671 semper
872 5594 973 5654 memi-
1026 5593 1158 5667 carparis
1174 5591 1352 5656 munditiem
1366 5593 1583 5660 conservantes,
1607 5586 1743 5663 plebibus
1755 5602 1852 5647 exem·
