3908 6096
120 261 178 329 aar
256 221 258 225 ¹
631 241 801 330 aaronis
823 261 1118 329 vaaoaunensrs
1139 262 1317 328 ee1scor1
1692 279 1695 291 ·
1789 258 1846 323 aaa

121 415 178 473 que
201 397 288 456 luerit
309 396 460 467 Praelalus,
477 397 502 455 si
526 398 617 455 hebes
642 399 802 471 perstiterit
825 398 942 455 nullum
956 399 985 466 A
1000 397 1023 452 si
1036 399 1099 469 jam
1124 398 1257 454 radiante
1286 401 1401 455 caterva
1426 396 1596 454 subsistunt
1613 387 1652 452 'et
1679 391 1844 466 frigescunt

120 488 233 545 luctum
249 485 356 543 deluat.
373 487 447 551 Quin
472 487 559 544 etiam
579 489 703 560 juvenes
728 492 861 561 potenter
881 489 943 559 iam
1000 488 1117 557 animis,
1134 493 1161 543 et
1184 487 1311 562 suffugia
1333 491 1454 560 captant
1470 504 1476 543 :
1493 486 1602 544 referre
1626 484 1706 539 inde
1728 483 1842 555 pedem.

122 574 260 646 adjicient
275 575 415 648 derogare
431 576 616 647 priscis.Nec
631 577 778 650 excipiunt
793 579 945 634 domiuum
999 581 1037 631 At
1050 576 1118 632 licet
1143 577 1325 650 conspiciant
1349 593 1436 632 suum
1461 591 1566 648 agmen
1593 578 1714 630 extare.
1732 572 1764 627 Si
1789 572 1841 628 dux

120 663 176 720 nisi
186 668 356 736 segregetur
366 666 401 720 ab
413 663 481 720 illis.
491 664 545 727 Qui
557 665 673 720 facundi
684 671 785 721 contra
796 666 946 721 minantur
999 665 1116 721 eminus
1139 670 1273 738 procuret
1289 664 1416 720 indicere
1430 663 1489 719 illis
1513 661 1703 734 tranquillos
1725 661 1840 734 angelos

118 750 243 807 rudibus
257 751 378 825 infigere
395 752 539 809 deteriora
553 757 582 808 et
600 759 732 810 exercent
747 754 899 810 dominum
917 759 945 810 et
999 759 1132 827 gravatos
1147 756 1240 811 xcuiis
1254 752 1535 826 inclusi‚disputaut,
1552 756 1582 808 et
1598 749 1838 824 querelanturse

119 839 310 912 requiruntur
334 840 490 913 promissa,
506 847 539 898 ut
562 850 686 916 surgant
701 844 730 897 in
754 844 900 915 adversos,
916 847 945 899 et
999 842 1178 910 seductos‚et
1192 843 1358 899 declamant
1372 840 1508 898 consules
1523 840 1573 912 qui
1590 840 1681 913 ipsos
1697 839 1838 896 condere

118 929 233 987 docent.
244 930 318 994 Quid
333 931 437 987 faciet?
451 932 556 1004 poterit
570 949 606 988 uo
620 937 760 1004 utrasque
781 933 873 988 vitare
888 933 946 988 rui·
999 936 1064 987 rant
1079 931 1135 987 sibi
1151 933 1319 1004 perfidos,et
1335 932 1489 987 innectunt
1503 930 1635 998 fraudes,
1648 945 1734 1002 quos
1751 933 1781 984 et
1794 929 1837 983 de·

119 1018 188 1075 uas?
204 1019 255 1076 sed
271 1036 323 1074 nec
339 1019 785 1094 ingeniasuffraganturinepto.
803 1021 945 1077 Restatut
999 1026 1100 1076 serunt
1124 1026 1152 1077 et
1176 1021 1363 1093 distinguunt
1387 1020 1484 1087 letho,
1506 1023 1535 1074 et
1559 1021 1633 1073 tunc
1667 1021 1839 1089 pertentant

120 1107 239 1181 effugiat
262 1124 371 1176 osores,
388 1113 416 1165 et
439 1114 520 1166 vacet
533 1109 674 1181 privatus.
698 1110 728 1166 Si
742 1127 809 1166 vero
832 1111 944 1184 primus
997 1108 1160 1166 incolumes
1176 1111 1314 1166 reducere
1327 1096 1504 1182 gressum,et
1521 1108 1652 1180 perferre
1665 1106 1778 1179 adepta
1789 1106 1840 1179 pri·

119 1196 314 1270 propalaverit
334 1213 365 1254 se
385 1197 525 1270 ignavum
542 1203 603 1254 arte
619 1200 648 1255 in
676 1216 733 1272 quo
758 1206 786 1256 et
811 1200 944 1272 protinus
997 1202 1062 1254 vato
1079 1198 1151 1254 solo.

119 1285 394 1359 eluceatprudentia
407 1287 520 1344 lavante
531 1288 694 1345 diademate
706 1307 712 1345 :
725 1295 787 1344 tum
798 1289 943 1361 perterriti
1034 1288 1108 1343 Raro
1123 1292 1178 1354 est,
1196 1289 1246 1343 sed
1263 1292 1307 1344 est
1322 1286 1373 1360 qui
1394 1287 1534 1342 inductus
1550 1284 1733 1359 aggrepitur
1749 1299 1834 1355 expu-

117 1374 250 1432 elanculo
265 1381 424 1447 procurant
440 1376 536 1449 sopirc
551 1378 627 1433 odia.
640 1379 676 1434 Et
691 1394 793 1435 rursus
808 1383 944 1434 mussant
997 1393 1086 1449 gnare
1111 1377 1241 1432 dicatum
1262 1376 1366 1432 ducem
1383 1376 1461 1432 nudo
1477 1378 1604 1447 pectore,
1622 1388 1680 1428 nec
1710 1372 1836 1441 desistit,

119 1466 258 1522 reducere
274 1465 303 1521 iu
320 1482 423 1537 unum,
441 1472 475 1522 ut
496 1467 602 1522 iterum
619 1473 728 1540 queant
743 1473 869 1525 retexere
884 1468 943 1523 b·-
997 1464 1089 1521 donec
1105 1466 1231 1536 adeptus
1254 1465 1292 1520 sit
1308 1481 1408 1521 orcum
1424 1463 1468 1519 vel
1484 1462 1615 1534 palmam
1638 1464 1697 1517 aut
1713 1477 1767 1533 per
1781 1459 1835 1516 cla·

120 1553 203 1611 rilem
224 1558 335 1627 pestem
359 1555 483 1626 hujusce
508 1560 603 1626 pacto,
620 1572 683 1628 quae
696 1573 748 1614 uec
773 1557 877 1630 poterit
893 1558 941 1613 de·
997 1553 1062 1609 dem
1079 1553 1146 1610 belli
1171 1553 1282 1609 dividat
1296 1569 1364 1609 cum
1378 1552 1469 1609 altero
1494 1556 1523 1607 et
1538 1550 1674 1608 contenti
1701 1549 1834 1622 partibus

118 1641 252 1699 litescere
266 1641 333 1698 duci
348 1644 407 1712 iam
423 1643 502 1700 clara
515 1644 561 1701 sui
572 1645 745 1718 cognitione.
756 1648 833 1711 Quas
848 1661 942 1719 nugas
996 1649 1099 1699 coeant
1114 1643 1143 1698 in
1159 1659 1252 1699 unum
1276 1643 1371 1699 l'oedus
1387 1658 1506 1699 securus
1522 1639 1591 1714 quis
1607 1639 1756 1694 edomare
1772 1655 1832 1694 sua

119 1735 205 1805 parat
219 1730 335 1789 abolere
350 1748 489 1789 unacum
513 1734 688 1807 nugacibus,
706 1751 793 1806 quem
808 1735 897 1790 etiam
913 1738 941 1791 et
957 1765 981 1831 B
996 1732 1070 1795 Quid
1085 1731 1265 1804 proficicient
1279 1731 1453 1803 milites‚qui
1468 1730 1547 1785 hunc
1557 1727 1832 1801 provocaverantlsi

119 1819 176 1894 ipsi
192 1821 330 1876 adversus
346 1836 377 1877 se
392 1821 523 1894 gestiunt
536 1820 688 1880 excludere
702 1824 739 1879 ab
754 1827 839 1879 aucto
857 1823 939 1880 solio.
995 1821 1024 1876 in
1034 1820 1523 1893 talidiscrimineellletsupremum
1534 1820 1695 1890 superstes
1706 1819 1832 1887 expectet

119 1911 196 1976 Quos
212 1909 341 1983 primum
362 1910 528 1982 impediunt
551 1912 754 1983 procedentia,
771 1930 834 1985 quae
851 1900 940 1968 into'r·
995 1910 1049 1966 bos
1074 1926 1175 1981 poenae,
1191 1913 1219 1965 et
1244 1909 1269 1966 si
1294 1925 1413 1982 compos
1432 1906 1567 1975 evaserit,
1592 1910 1660 1962 tum
1688 1910 1718 1961 et
1743 1905 1831 1959 isdem

117 2003 201 2055 mant
215 1999 375 2055 ducem.At
390 1998 413 2057 si
430 1999 677 2056 arbitrenturhaec
691 2003 826 2070 verenda,
838 2006 867 2058 et
877 2002 940 2073 opi·
996 1998 1151 2071 compellat
1167 1999 1202 2054 ad
1219 1999 1247 2054 id
1260 1997 1473 2070 necponitJ'am
1485 2000 1583 2052 extare
1599 1994 1661 2050 sibi
1679 1994 1832 2049 intemera-

118 2093 225 2145 neutur
239 2088 393 2145 dumtaxat
403 2093 496 2145 semet
511 2090 635 2146 deficere
649 2091 679 2145 in
695 2090 777 2162 ipsis,
789 2096 861 2147 tunc
872 2107 942 2162 quo·
995 2087 1053 2143 bile
1077 2088 1217 2143 thronum
1233 2086 1404 2159 buJusmodi
1420 2103 1484 2158 quae
1507 2086 1624 2140 luerent
1639 2082 1790 2148 recolens,
1804 2079 1832 2136 ni

118 2193 175 2250 que
189 2177 306 2233 eminus
321 2176 452 2249 dirigunt
466 2193 553 2250 gazas
577 2179 740 2235 conducere
755 2179 811 2235 sibi
827 2179 940 2236 heroes.
996 2177 1167 2232 auctoritate
1194 2176 1353 2249 priventur.
1372 2175 1447 2231 Sunt
1462 2174 1569 2247 quibus
1592 2172 1740 2245 praesidet
1754 2171 1833 2227 Prin·

117 2265 190 2323 Hinc
206 2270 309 2322 teuent
326 2266 461 2338 augenda
474 2266 588 2334 solatia,
605 2267 677 2339 quin
692 2268 782 2323 etiam
796 2274 824 2324 et
838 2273 942 2340 parant
996 2282 1064 2339 ceps
1080 2266 1168 2321 unius
1184 2265 1338 2321 Provinciae
1353 2280 1428 2336 quos
1443 2264 1496 2320 etsi
1512 2279 1631 2318 summo
1650 2265 1745 2316 tenus
1760 2260 1837 2317 lesc-

118 2353 186 2413 inde
201 2371 370 2428 promovere
385 2354 526 2410 extimum
553 2359 639 2428 atque
654 2358 808 2412 robustum
825 2358 941 2424 ducem,
996 2357 1034 2411 rit
1048 2358 1221 2428 turgescunt
1236 2353 1383 2427 siquidem
1400 2352 1517 2408 rumina
1531 2349 1714 2424 yperilania,
1727 2353 1756 2405 et
1771 2366 1835 2422 pro·

52 2480 53 2483 =
119 2448 147 2500 et
162 2444 336 2501 submittere
351 2443 437 2500 colla.
458 2445 534 2501 Tum
551 2444 670 2517 quidem
689 2487 694 2499 .
712 2488 718 2500 .
738 2487 744 2500 .
761 2445 901 2520 suffragia
915 2451 943 2501 et
996 2445 1076 2500 tinus
1092 2445 1202 2500 adeunt
1216 2443 1376 2498 verendum
1393 2441 1470 2497 trino
1486 2440 1653 2496 diademate
1668 2443 1700 2495 et
1715 2439 1837 2494 incitant

120 2533 248 2606 primum
264 2549 315 2604 per
324 2533 447 2590 vicarios
458 2533 482 2589 si
490 2550 549 2589 uou
562 2534 649 2589 luerit
664 2535 708 2590 las
718 2532 863 2591 celebrare
874 2551 942 2590 con·
997 2535 1110 2591 auterre
1137 2533 1246 2605 quibus
1261 2533 1373 2605 potitur
1399 2531 1496 2603 impar
1511 2531 1579 2586 dua.
1596 2529 1652 2585 Sin
1678 2528 1836 2601 explicent,

19 2645 24 2655 ·
120 2626 233 2678 ventus.
246 2622 390 2686 Quibussi
405 2621 467 2677 hec
481 2622 594 2695 digesta
602 2622 942 2695 paulisperdillerantur,
997 2623 1125 2694 poterint
1135 2639 1171 2678 ue
1182 2621 1289 2677 habere
1300 2637 1451 2677 recursum
1462 2619 1498 2675 ad
1512 2618 1691 2691 proprialet
1703 2617 1837 2690 quamvis

120 2709 256 2765 deficient
278 2707 457 2780 imperfecta.
482 2714 525 2765 bn
551 2708 669 2765 interim
691 2710 818 2768 cessabit
843 2712 944 2768 saevire
998 2711 1278 2783 perfecerint,lerent
1293 2711 1411 2766 tandem
1426 2709 1633 2781 competentia.
1653 2707 1837 2764 Praemiuens

121 2813 283 2854 concussus
295 2797 376 2853 furor
389 2797 542 2869 presentie
557 2796 703 2868 Praesidis,
715 2803 743 2854 et
757 2800 883 2872 torpebit
898 2801 945 2857 de·
998 2800 1141 2855 conducet
1166 2797 1222 2853 sibi
1236 2798 1266 2852 in
1282 2797 1458 2871 obsequium
1483 2796 1613 2853 diversae
1633 2796 1719 2851 acies
1744 2794 1837 2851 natio-

120 2901 240 2959 pascere
255 2885 373 2942 sontes?
387 2886 463 2942 Num
479 2885 601 2959 insuper
616 2887 730 2944 exinius
746 2893 813 2961 aget
833 2889 944 2945 hostire
998 2906 1069 2946 num
1085 2894 1114 2944 et
1137 2887 1244 2944 dillusa
1258 2888 1346 2943 verba
1370 2904 1433 2960 quae
1457 2886 1590 2942 nesciant
1613 2884 1717 2941 vivere
1742 2901 1837 2957 parce,

120 2974 311 3048 perpetitores
335 2975 494 3033 subversis.
510 2976 545 3031 bt
561 2975 586 3031 ei
611 2982 714 3048 parcnt
728 2978 883 3034 subvenire
898 2979 944 3035 his
998 2979 1049 3035 scd
1065 2977 1223 3049 compilare
1238 2993 1359 3049 queque
1386 2975 1509 3049 potiora,
1524 2980 1553 3030 et
1568 2974 1599 3030 in
1615 2975 1716 3030 sacris
1733 2975 1839 3030 addere

121 3081 196 3138 quos
211 3081 286 3136 sepe
308 3062 463 3120 salutando
479 3063 550 3120 olim
566 3066 718 3121 tentabant
737 3068 896 3139 producere
913 3072 945 3122 ut
999 3072 1151 3123 matrones
1169 3073 1201 3122 ut
1215 3065 1426 3138 postribulo.Et
1440 3068 1472 3120 ut
1487 3063 1691 3137 persenserint
1705 3064 1837 3136 depopu-

120 3153 249 3227 prImum
275 3152 451 3225 persenserit
474 3151 529 3209 hoc
545 3153 672 3226 sybilum
696 3155 822 3212 labentis
848 3131 979 3226 lamae,C
999 3156 1285 3212 latamPatriamnon
1301 3151 1658 3225 traduciturstatim,quia
1669 3151 1837 3207 invalidum

123 3242 214 3298 immo
228 3240 376 3298 declinant
399 3247 428 3296 et
443 3242 561 3297 ulerunt
576 3244 611 3298 ad
623 3261 709 3300 aures
723 3244 846 3317 vigentis
861 3246 945 3301 ducis
1000 3251 1044 3301 est
1059 3246 1109 3300 diu
1136 3245 1286 3300 continere
1302 3242 1459 3316 phalanges
1476 3243 1506 3297 iu
1530 3240 1672 3309 externis,
1690 3257 1745 3296 nec
1772 3256 1841 3295 ceu·

121 3331 200 3405 quod
216 3331 271 3404 ipsi
287 3335 321 3386 ut
330 3330 422 3403 pestis
437 3331 526 3387 nimis
539 3332 624 3388 luerit
634 3333 778 3406 exquisita
789 3335 823 3390 ad
834 3334 913 3407 ipsos
929 3352 946 3391 a
999 3335 1079 3390 venit
1093 3338 1172 3390 tanto
1188 3334 1255 3401 duci
1272 3337 1417 3389 remotum
1428 3349 1445 3387 a
1455 3349 1511 3404 sna
1524 3329 1637 3402 legione
1654 3329 1766 3402 degere
1780 3329 1842 3401 qui·

121 3419 249 3493 propriis
274 3419 428 3484 militibus,
455 3437 581 3492 quorum
608 3421 714 3477 animis
729 3422 829 3479 nullus
851 3424 947 3494 potuit
1001 3424 1147 3479 demeum
1163 3422 1235 3494 ipsis
1246 3423 1281 3477 de
1297 3438 1422 3495 quorum
1433 3419 1500 3476 exili
1516 3420 1572 3474 fide
1586 3417 1700 3491 oppido
1709 3423 1841 3474 veretur.

124 3509 300 3582 persuadere
314 3511 342 3564 et
353 3507 495 3564 charitate
510 3508 645 3565 inficiunt
656 3509 756 3571 relicta
771 3528 834 3583 quae
850 3517 947 3568 metus
1002 3511 1088 3567 lledit
1111 3511 1146 3567 ad
1168 3510 1318 3583 proprium
1343 3509 1440 3566 solum
1462 3509 1540 3580 quod
1565 3508 1677 3579 gaudet
1703 3507 1842 3563 revisere.

123 3597 264 3662 doluerat,
280 3600 308 3651 et
326 3594 435 3652 talibus
459 3595 607 3668 figmentis
622 3603 790 3670 exspectant
806 3601 916 3656 loenora
931 3618 947 3656 a
1002 3603 1092 3666 Ouem
1103 3599 1127 3654 si
1144 3600 1216 3655 lorle
1227 3605 1392 3672 proponant
1404 3598 1547 3654 deducere
1561 3595 1695 3668 quicum
1708 3595 1841 3652 solemne

122 3682 213 3739 latere
228 3683 292 3754 ejus
308 3683 443 3755 quamvis
463 3685 546 3739 infidi
571 3702 724 3757 proceres;
740 3687 851 3744 dudum
877 3706 946 3760 prae·
1002 3689 1300 3762 induxerant,eligaut
1315 3687 1438 3760 lugubre
1448 3685 1566 3742 exilium
1579 3684 1645 3757 jugi
1660 3684 1843 3740 confusione

124 3771 260 3831 miserint
273 3770 320 3827 his
335 3772 539 3844 prerogativae
559 3791 622 3846 quae
639 3780 709 3832 sunt
725 3777 844 3833 mercati
860 3779 948 3851 dege·
1003 3782 1140 3834 manente
1154 3777 1299 3833 ruinasin
1317 3777 1415 3849 potius
1431 3773 1633 3848 ignominiose
1644 3772 1841 3846 linquuntur.

125 3861 254 3919 neraudo
270 3860 379 3934 quibus
395 3862 445 3917 sed
461 3878 512 3934 pro
534 3862 630 3920 viduis
645 3864 704 3920 dux
719 3882 812 3938 pauca
827 3867 949 3940 porrigit
1002 3872 1115 3923 luterea
1130 3867 1189 3922 dux
1216 3866 1368 3939 praesentis
1390 3865 1491 3920 Patriae
1507 3862 1627 3919 inferior
1653 3862 1784 3918 milibus
1800 3861 1843 3918 vel

123 3954 152 4006 et
167 3949 317 4006 modestus
338 3950 444 4024 arguit,
461 3951 485 4006 si
505 3951 565 4008 haec
590 3954 735 4010 maturius
751 3957 949 4026 panderentur
1002 3955 1101 4013 caniat
1127 3955 1281 4028 profunde,
1296 3954 1341 4010 vel
1366 3953 1498 4009 residens
1521 3952 1662 4007 obtrusus
1690 3951 1844 4006 maenibus

125 4037 211 4096 nobis
223 4055 291 4096 vera
306 4043 404 4112 aperte
416 4040 487 4095 dum
503 4057 578 4097 caeca
595 4042 719 4098 latenter
729 4044 856 4114 juvaret.
872 4045 948 4109 Quo·
1003 4044 1157 4118 praevalide
1174 4043 1254 4099 urbis
1269 4041 1368 4114 ejulat.
1384 4042 1440 4097 Sed
1455 4057 1521 4096 eum
1540 4038 1653 4095 noverit
1670 4039 1842 4096 discessum

123 4145 190 4185 rum
206 4132 235 4184 et
253 4127 396 4185 invalidos
411 4130 560 4202 despectat
582 4136 663 4188 artus
678 4135 824 4205 cordeque
847 4136 949 4191 rabida
1004 4133 1096 4190 bostis
1111 4137 1241 4204 optatam
1253 4132 1330 4188 diem
1345 4134 1484 4187 convocat
1496 4127 1641 4184 disclusos
1652 4145 1733 4199 quos
1743 4129 1845 4201 signa·

124 4217 299 4273 subsannat.
316 4217 432 4273 Exterui
447 4224 518 4275 sunt
533 4220 622 4276 etiam
638 4221 798 4294 Principes,
815 4224 865 4295 qui
881 4241 948 4280 cum
1004 4227 1084 4277 verat
1098 4222 1176 4278 clara
1192 4222 1264 4277 fides
1280 4221 1308 4276 in
1325 4220 1428 4277 aciem.
1440 4219 1473 4275 llt
1487 4217 1607 4273 instruit
1622 4216 1808 4290 primipilus,
1816 4221 1845 4273 el

123 4304 278 4365 hauserint
289 4305 546 4365 lamentaalterius
563 4307 690 4365 militum
704 4310 863 4382 perlatores
871 4313 949 4369 illico
1004 4310 1133 4382 disponit
1157 4310 1287 4366 conferre
1303 4309 1409 4381 cuique
1424 4307 1523 4363 debita
1537 4305 1605 4361 fidis
1629 4303 1709 4373 lata,
1725 4311 1756 4362 et
1772 4304 1844 4362 sini·

125 4393 290 4467 deposcuut
306 4395 444 4451 seductos
465 4396 584 4452 firmare
609 4399 763 4470 nequando
779 4400 899 4457 redeant
914 4404 948 4458 ad
1005 4399 1073 4454 stris
1084 4399 1323 4455 acerbaSumme
1334 4397 1380 4452 his
1391 4395 1442 4468 qni
1454 4393 1600 4451 accierant
1614 4397 1782 4466 tyrannum
1795 4409 1846 4468 per

125 4482 251 4556 gratiam
263 4482 352 4555 prisci
362 4483 446 4541 ducis
457 4485 565 4558 quibus
575 4489 677 4542 elmon
688 4489 750 4559 pari
762 4489 874 4546 ratione
884 4507 951 4547 con·
967 4502 990 4566 Ι)
1006 4503 1037 4542 se
1053 4487 1199 4543 addicitur
1214 4486 1364 4542 mulctatio
1380 4491 1407 4541 et
1418 4501 1504 4556 poena
1519 4482 1629 4538 ct-inde
1644 4480 1843 4555 supplicium.

125 4572 246 4630 firment
260 4572 469 4630 subvenirauld
481 4591 606 4646 quorum
622 4575 728 4648 Regem
744 4582 813 4633 tunc
829 4586 912 4635 caute
925 4584 953 4636 ct
1007 4577 1065 4632 Nec
1080 4576 1174 4632 solum
1192 4577 1251 4631 dua
1271 4579 1316 4631 est
1330 4573 1497 4643 exosor,sed
1513 4576 1542 4628 et
1557 4569 1678 4643 agmina
1693 4587 1760 4643 que
1778 4587 1845 4643 per-

125 4658 270 4716 oitissime
284 4660 417 4733 dirigunt
431 4660 542 4734 legatos
551 4663 678 4733 paudere
693 4679 756 4735 quae
768 4664 954 4722 firmaverant
1006 4665 1136 4722 tulerant
1146 4663 1339 4720 contumelias
1349 4663 1477 4734 inllguut
1488 4660 1555 4716 odia
1566 4678 1573 4728 ;
1586 4675 1640 4714 nec
1654 4659 1845 4728 tantum,sed

126 4744 245 4813 milites,
262 4748 312 4803 sed
340 4765 397 4805 non
413 4766 477 4821 quaa
490 4750 548 4822 ipsi
572 4755 603 4806 ut
617 4756 734 4823 prestet
748 4752 845 4823 lepida
866 4754 952 4822 dona,
1007 4759 1036 4809 et
1047 4752 1155 4826 pariter
1165 4755 1447 4824 conanturegestare
1459 4750 1587 4805 minores
1597 4747 1845 4820 ipsorum,donec

124 4838 156 4893 et
172 4840 326 4893 cassentur
336 4840 469 4911 quaejam
483 4844 552 4896 eunt
563 4841 719 4912 firmate,et
727 4842 826 4900 saeviat
834 4843 862 4898 in
872 4860 953 4915 suos,
1008 4845 1077 4897 aetas
1092 4841 1236 4914 gradatim
1254 4840 1429 4896 demoliatur
1443 4838 1498 4894 boc
1512 4841 1606 4893 totum
1622 4835 1651 4890 iu
1666 4836 1760 4892 annis
1776 4840 1807 4893 et
1820 4837 1846 4892 si

126 4924 198 4998 quia
214 4942 266 4983 uec
281 4924 420 4983 valebunt
434 4929 580 4986 sustinere
594 4929 724 5003 requiem
741 4931 770 4987 in
786 4931 954 5003 ipsis.Quos
1009 4930 1081 4984 lorte
1094 4931 1182 4985 lunas
1193 4928 1329 5000 praecidat
1341 4928 1395 4983 bos
1410 4927 1439 4981 in
1451 4925 1517 4981 istis
1533 4927 1717 4998 superest,ut
1730 4940 1786 4979 uec
1798 4943 1846 4980 va-

126 5014 179 5070 etsi
198 5024 332 5087 procuret
348 5016 508 5085 cumulare,
525 5017 634 5074 valebit
648 5019 794 5075 concitare
809 5019 953 5076 bostesad
1007 5018 1087 5074 leant
1102 5016 1243 5091 gratulari
1264 5015 1372 5071 labenti
1388 5032 1446 5071 aevo
1463 5029 1515 5070 uec
1532 5014 1638 5069 lutura.
1655 5015 1848 5088 Quapropter

126 5102 248 5159 exitium
264 5105 451 5173 eorumdum
468 5106 821 5163 credantursolari.'l¹unc
836 5113 956 5165 nectunt
1009 5124 1067 5163 non
1084 5106 1195 5179 deperit
1209 5105 1323 5161 vitium.

127 5189 236 5248 loedera
259 5192 371 5264 prolato
395 5193 503 5251 talione
518 5194 542 5251 si
567 5195 712 5266 expediat.
739 5196 813 5252 Sunt
835 5197 953 5266 iterum,
1086 5196 1187 5245 Rursus
1201 5195 1341 5258 insurgent
1351 5191 1394 5242 alii
1410 5194 1438 5241 θῑ
1451 5194 1575 5241 rOlsssslur
1590 5188 1700 5239 limem·

128 5278 180 5348 qui
195 5285 337 5352 rogentur
351 5282 487 5339 invadere
502 5280 622 5338 alterius
637 5281 820 5355 Principatus
836 5283 956 5358 rugiunt
1045 5283 1100 5338 Sed
1117 5282 1187 5354 quia
1199 5281 1327 5354 suntqui
1338 5296 1431 5353 neque
1442 5279 1557 5334 lucrant
1568 5277 1678 5350 Cyrrati
1692 5293 1748 5333 nec
1760 5282 1846 5350 pote·

128 5368 157 5420 et
173 5366 309 5436 fremunt,
327 5376 355 5425 et
376 5372 491 5442 jactant
505 5369 642 5443 rigida,et
657 5368 780 5426 latenter
795 5373 956 5429 accelerant
1009 5378 1074 5428 rant
1090 5372 1255 5444 pertingere
1277 5370 1320 5426 vcl
1337 5368 1475 5425 laciniam
1500 5365 1614 5423 carbasi
1644 5382 1703 5437 prae
1729 5366 1846 5440 fulgore

127 5452 278 5511 incursare
302 5459 392 5514 armis
416 5460 560 5514 incintum
585 5460 698 5514 ducem.
716 5459 771 5513 Sed
799 5465 954 5533 postquam
1011 5461 1118 5533 sophiae
1134 5464 1162 5515 et
1173 5461 1280 5532 quibus
1297 5459 1369 5515 nibil
1382 5461 1426 5512 est
1437 5457 1461 5511 si
1473 5455 1784 5511 duusdeleranturad
1796 5471 1844 5510 ur·

128 5541 273 5602 subierint
281 5546 428 5622 ultraajus
437 5549 583 5622 margines
595 5547 866 5621 stipatumcernaut
876 5568 956 5618 cum,
1010 5567 1079 5607 uem
1094 5549 1294 5623 sandapila,ut
1307 5548 1392 5605 liceat
1406 5545 1449 5602 eis
1464 5544 1774 5618 perlerreiudemnem
1792 5545 1843 5602 do·
