3908 6096
125 275 184 355 339
635 266 804 330 aaronis
825 267 1117 330 vsuooutlcuffls
1140 264 1317 329 ectsoool
1766 261 1827 328 360

125 405 267 479 propheta
289 401 381 470 dixit3
398 400 461 470 sed,
477 399 547 473 quia
560 399 691 456 futurum
708 401 770 455 erat
794 402 827 455 ut
853 399 945 467 fieret,
961 401 1047 471 Ates
1058 396 1181 471 gentiles
1190 395 1296 453 imitati
1306 398 1386 464 sunt,
1394 394 1444 451 sed
1455 393 1524 466 quia
1534 393 1700 467 exemplum
1709 409 1829 468 accepe-

125 495 190 552 ideo
205 494 258 548 hoc
273 490 415 565 propheta
431 489 573 564 predixit.
1003 491 1072 543 runt
1082 487 1118 543 ab
1134 486 1193 544 eis:
1210 485 1288 558 quod
1304 485 1328 540 si
1345 501 1402 541 non
1416 484 1579 551 crederent,
1590 484 1667 540 siout
1682 481 1725 538 illi
1735 482 1830 556 perie-

161 586 217 638 Cur
229 597 296 653 ergo
307 579 491 637 maledicitur
502 576 626 634 mensa?
636 575 762 646 Scilicet,
774 577 844 649 quia
855 577 949 634 multa
1001 580 1081 646 runt,
1097 580 1126 631 et
1140 575 1197 648 ipsi
1214 575 1351 648 perirent.

125 670 204 727 mala
213 673 367 743 patrentur
377 669 412 724 ad
425 682 568 722 mensam.
578 666 622 721 Ad
634 681 768 722 mensam
778 666 948 722 innocentes
1038 665 1157 737 Propter
1171 664 1248 736 quod
1265 662 1420 719 subditur:
1437 661 1513 731 Quod
1527 663 1552 718 si
1562 662 1828 720 delictum'ittorom

123 763 275 827 vocantur,
292 762 325 814 ut
338 756 540 828 decipiantur;
558 754 593 810 ad
608 770 741 810 mensam
755 753 882 810 Absalon
898 770 945 810 oc·
1001 752 1108 811 diuitiae
1122 757 1187 808 sunt
1200 753 1307 821 muudi,
1322 757 1348 808 ct
1368 753 1517 809 diminutio
1531 768 1623 809 eorum
1638 753 1747 810 diuitiae
1760 769 1828 824 peu·

125 846 196 905 cidit
206 851 320 903 Amnon
332 863 338 914 ;
351 843 550 916 Holophernes
559 837 664 898 iudith
674 842 711 898 ad
722 859 855 899 mensam
864 858 947 898 voca·
965 843 969 849 '
1002 843 1085 909 tium,
1099 850 1199 915 quanto
1213 843 1301 913 moqia
1313 841 1457 914 plenitudo
1473 844 1587 897 eorum?
1602 840 1748 898 Delictum
1761 830 1830 899 1110ss

125 937 176 1007 vit,
188 935 393 1007 utdeoiperet;
410 931 446 988 ad
459 948 592 988 mensam
604 931 736 1001 Herodis,
747 930 871 988 boumve
882 932 946 1004 ejus
1001 949 1069 986 rum
1085 931 1186 987 mundi
1206 931 1314 987 divitie
1338 935 1416 1002 suut,
1433 930 1572 1003 quoniam
1599 931 1628 985 in
1652 930 1828 989 infidelitate

126 1028 214 1099 caput
237 1024 388 1080 obtinuere
411 1021 544 1077 ioannis.
568 1019 744 1094 Spiritaliter
770 1023 868 1076 autem
895 1036 947 1094 per
1002 1025 1217 1093 permanentes,
1232 1019 1338 1076 vastati
1360 1024 1430 1076 sunt
1455 1037 1472 1075 a
1498 1018 1649 1090 Romanis,
1666 1023 1694 1077 et
1720 1019 1830 1093 captivi

126 1129 258 1171 mensam
272 1112 422 1184 Scriptura
437 1115 538 1167 sancta
552 1109 732 1182 designatur,
747 1126 811 1181 qua
826 1108 947 1181 spirita·
1001 1109 1081 1164 ducti
1094 1109 1283 1182 persingulas
1293 1107 1378 1183 longe
1388 1108 1503 1180 lateque
1513 1107 1828 1181 provincias,sersntes

124 1201 202 1258 libus
216 1199 301 1269 cibis,
318 1204 347 1256 et
370 1199 488 1272 potibus
509 1203 629 1255 onerata
649 1203 703 1271 est,
720 1197 827 1269 quibus
842 1196 947 1253 anime
1001 1197 1828 1271 secumlibroslegis‚etprophetarum‚quibusmundus,

124 1287 305 1359 reficiuntur,
316 1292 345 1345 et
360 1289 434 1345 bens
449 1304 552 1345 mensa
564 1287 626 1344 haec
640 1286 808 1343 iudeorum
823 1302 887 1343 esse
901 1285 946 1340 di·
1000 1284 1029 1341 id
1045 1289 1099 1355 est,
1111 1285 1214 1342 muudi
1229 1285 1408 1343 habitatores
1421 1286 1506 1341 ditati
1522 1290 1602 1342 sunt.
1617 1286 1731 1358 Ubique
1747 1287 1827 1345 enim

124 1377 429 1452 citnr,quoniamsuis
439 1376 551 1433 meritis
562 1375 782 1450 samacccpisse
792 1375 946 1449 putabant.
1001 1377 1103 1430 sancta
1117 1372 1248 1431 Ecclesia
1261 1375 1297 1430 ab
1313 1374 1372 1430 illis
1387 1374 1499 1448 accepit
1514 1375 1606 1431 libros
1621 1374 1704 1449 legis,
1715 1379 1745 1432 et
1758 1392 1827 1448 pro·

124 1468 165 1525 De
178 1469 234 1525 hac
243 1483 347 1524 mensa
360 1467 390 1521 in
402 1464 517 1538 psalmo
527 1465 656 1522 Ecclesia
669 1464 819 1537 loquitur:
836 1462 948 1519 Porasti
1001 1462 1166 1535 phetarum,
1177 1480 1229 1537 per
1242 1480 1317 1536 quoa
1332 1464 1461 1521 ostendit
1476 1464 1645 1537 prophetias
1659 1465 1695 1521 de
1709 1464 1827 1522 Christo

123 1559 155 1613 iu
168 1563 310 1629 conspectu
323 1570 382 1611 mco
393 1570 527 1624 mousom,
538 1553 669 1610 aduersus
682 1569 737 1622 coa,
748 1555 796 1625 qui
809 1553 948 1608 tributarii
1000 1552 1168 1624 premissas
1178 1553 1242 1624 Jam
1257 1569 1338 1610 essse
1356 1551 1503 1626 impletas.

123 1660 167 1701 mc
180 1645 266 1717 (Psoi.
281 1661 351 1717 xxn,
366 1644 411 1716 5);
426 1643 538 1700 scilicet
552 1644 692 1700 adversus
707 1642 867 1698 hereticos.
881 1641 946 1697 Haec
1038 1639 1195 1698 Diminutio
1214 1657 1331 1714 quoque
1355 1657 1456 1698 eorum
1482 1640 1589 1698 divitia
1613 1645 1684 1699 sunt
1708 1642 1827 1713 mundi,

123 1733 224 1806 itaque
235 1731 451 1791 mensaludeis
463 1730 541 1789 lacta
551 1735 595 1789 ost
604 1730 636 1788 in
645 1730 793 1804 laqueum,
801 1733 829 1787 et
838 1729 947 1802 captio·
960 1775 984 1840 B
1000 1729 1150 1802 quoniam,
1167 1747 1236 1787 cum
1250 1730 1336 1804 pauci
1352 1747 1387 1787 ex
1406 1730 1516 1788 iudeis
1530 1731 1719 1800 crediderint,
1735 1737 1765 1788 et
1789 1714 1830 1790 ab

38 1844 41 1849 ⁴
123 1838 202 1891 nem,
219 1822 358 1894 quoniam
374 1821 467 1878 solam
481 1820 609 1878 litteram
625 1824 780 1894 sequentes
794 1817 945 1890 illaqueati
1000 1818 1168 1877 infidelibus
1181 1819 1294 1892 expulsi
1309 1819 1378 1890 sint,
1390 1822 1426 1877 ad
1442 1821 1574 1893 ipsorum
1588 1821 1827 1894 pradicationem

124 1915 203 1981 sunt,
215 1915 244 1969 et
254 1911 366 1984 decepti
380 1910 491 1968 carnali
503 1910 704 1982 intellectu,ut
715 1926 772 1966 non
784 1908 945 1979 crederent,
1001 1911 1101 1980 gentes
1125 1908 1192 1976 fide,
1213 1902 1383 1982 cunctisque
1397 1908 1555 1966 virtutibus
1570 1910 1668 1966 ditata
1682 1914 1764 1966 sunt.
1775 1911 1828 1968 Uet

124 2003 152 2056 et
161 1999 191 2056 in
204 2000 450 2073 laqueum,quem
464 1999 601 2073 gentibus
613 1997 829 2071 parabant,ipsi
841 1997 947 2053 lucide
1000 2011 1068 2068 ergo
1079 2011 1199 2054 sensus:
1210 1997 1240 2054 Si
1250 1998 1287 2054 ad
1299 2015 1458 2071 paucorum
1468 1998 1828 2056 credentiumtudasorum

123 2092 202 2146 runt.
214 2090 250 2145 lot
264 2089 338 2146 bene
350 2089 400 2158 ait,
411 2105 503 2146 corum
515 2090 594 2160 ipsis,
607 2087 747 2160 quoniam
760 2086 946 2158 iniquitatem
1000 2085 1236 2156 praedicationem
1251 2091 1354 2159 gentes
1364 2087 1561 2157 crediderunt,
1573 2092 1602 2144 st
1616 2087 1733 2144 salvatae
1746 2090 1827 2157 sunt,

124 2194 209 2234 suam
223 2177 334 2245 vident,
350 2180 379 2234 et
393 2177 540 2234 declinare
553 2176 667 2233 nolunt.
1001 2178 1110 2245 quanto
1125 2176 1221 2249 magis
1236 2175 1429 2247 salvarentur,
1441 2176 1466 2233 si
1482 2181 1534 2233 aut
1548 2194 1661 2248 omnes,
1673 2181 1725 2234 aut
1740 2175 1828 2235 multi

159 2265 241 2329 Quod
254 2269 354 2322 autem
368 2266 502 2337 sequitur
518 2283 524 2322 :
546 2266 579 2321 ct
593 2267 624 2320 iu
637 2265 859 2331 retributionem,
875 2267 901 2320 ct
915 2265 947 2320 iu
1000 2279 1034 2319 ex
1047 2263 1159 2319 iudeis
1173 2264 1347 2321 crederent?

123 2354 293 2425 smudctum,
303 2369 396 2410 unum
407 2357 451 2410 est
461 2370 495 2410 ac
507 2354 531 2410 si
542 2354 665 2410 diceret:
679 2354 711 2410 ln
723 2352 946 2410 retributionem
1034 2352 1089 2408 Sed
1104 2356 1239 2424 poterent
1252 2352 1377 2427 gentiles
1400 2354 1497 2411 dicere
1512 2371 1519 2410 ε
1546 2372 1614 2412 oum
1632 2355 1766 2429 gentium
1783 2355 1827 2413 sis

123 2442 253 2502 scandali
270 2459 277 2499 :
300 2459 369 2500 nam
384 2442 454 2515 quia
468 2442 585 2500 credere
600 2441 769 2512 noluerunt,
783 2441 838 2498 boc
854 2441 913 2498 illis
929 2456 947 2498 a
998 2440 1166 2512 Apostolus,
1177 2443 1229 2514 qui
1242 2442 1278 2498 ad
1289 2446 1317 2498 te
1326 2442 1435 2499 iudeis
1443 2442 1632 2517 Evangelium
1643 2442 1826 2517 predicaret

122 2535 180 2591 Deo
194 2533 372 2590 retributum
383 2536 438 2602 est,
452 2537 486 2589 ut
500 2548 584 2589 sacra
593 2532 743 2605 Scriptura
753 2536 831 2588 esset
845 2530 904 2586 illis
915 2530 946 2587 in
999 2533 1157 2602 Propterea
1170 2530 1307 2587 subditur
1323 2549 1330 2588 :
1354 2532 1431 2588 Votis
1445 2534 1518 2590 euim
1534 2534 1597 2589 dico
1611 2533 1737 2605 pestibus
1751 2531 1828 2607 (392)

122 2621 554 2694 scandalumtquotiescunque
564 2621 642 2677 euim
654 2620 824 2693 spiritaliter
834 2618 945 2692 aliquid
1000 2617 1828 2694 (subintelligitur,queheoloquimiui)quondiuquidem

121 2711 152 2768 in
162 2729 197 2770 ea
209 2712 394 2785 interpretari
406 2711 516 2778 vident,
527 2710 772 2780 scandalizantur,
781 2726 815 2766 ec
827 2725 879 2782 per
891 2708 946 2765 boc
998 2722 1046 2778 eqo
1061 2723 1123 2762 sum
1133 2709 1257 2779 dentium
1266 2711 1418 2783 Apostolus,
1432 2712 1618 2767 ministerium
1632 2728 1725 2769 mcum
1739 2717 1825 2769 ttouo·

124 2801 181 2873 ipsi
195 2800 251 2857 sibi
266 2805 337 2857 sunt
351 2799 536 2857 scandalum.
999 2794 1120 2866 rificobo·

160 2890 344 2947 obscurentur
369 2890 444 2946 oculi
467 2905 563 2946 eorum
585 2905 620 2945 ue
642 2888 762 2957 videant,
787 2891 814 2942 et
835 2886 947 2943 dorsum
1035 2883 1231 2942 Ministerium
1251 2903 1349 2956 suum,
1365 2889 1579 2960 predicationis
1595 2889 1726 2947 cilicium
1741 2889 1824 2959 dicit,

124 2982 247 3053 ipsorum
271 2994 377 3052 semper
399 2981 525 3035 incuruo.
541 2978 600 3035 Hoc
618 2978 717 3048 etiam,
734 2991 792 3033 nou
807 2975 944 3048 optando.
1000 2973 1077 3044 quod
1090 2974 1254 3046 specialiter
1266 2977 1395 3051 suscepit
1409 2976 1439 3033 in
1450 2979 1597 3051 gentibus,
1607 2980 1694 3050 juxta
1704 2980 1783 3052 quod
1793 2977 1825 3035 in

124 3070 175 3129 sed
190 3068 391 3142 prophetando
402 3068 560 3125 Psalmista
573 3068 664 3124 dixit:
680 3066 833 3124 Obscurati
848 3065 946 3138 itaque
998 3060 1119 3119 Actibus
1132 3064 1332 3136 apostolorum
1344 3065 1471 3138 Spiritus
1481 3072 1600 3124 sanctus
1616 3067 1764 3140 loquitur:
1781 3066 1825 3124 So·

123 3161 193 3216 sunt
216 3158 294 3216 oculi
317 3175 418 3215 eorum
444 3157 522 3214 nubs
546 3156 671 3213 carnalis
690 3154 898 3231 intelligentie,
913 3143 982 3211 uic
1000 3153 1111 3220 urcoote
1132 3153 1204 3208 mibi
1225 3155 1394 3222 Bommdom,
1414 3159 1440 3211 ct
1462 3157 1582 3211 Paulum
1595 3157 1671 3228 (393)
1694 3158 1726 3213 in
1745 3171 1824 3229 opus,

123 3246 267 3321 spiritalia
290 3263 349 3303 non
371 3246 512 3315 viderent,
528 3250 558 3303 et
577 3245 747 3319 prophetias
772 3245 808 3300 de
829 3243 946 3301 Christo
998 3239 1295 3311 quaesierimus:
1318 3244 1462 3301 Dominus
1485 3245 1631 3302 Ananias:
1660 3245 1738 3318 Vade,
1755 3247 1826 3318 quio

124 3334 450 3410 praemissas,impletas
463 3351 600 3392 essenon
613 3334 858 3406 crederentl389).
875 3338 945 3390 Dor·
997 3344 1046 3384 cos
1069 3330 1210 3387 electionis
1229 3335 1268 3388 est
1289 3333 1372 3403 mibi,
1389 3337 1419 3389 ut
1438 3338 1530 3407 portet
1553 3350 1653 3391 nomeu
1675 3350 1770 3390 mcum
1792 3336 1826 3392 ia

123 3442 191 3484 sum
200 3441 267 3481 vero
278 3425 294 3480 J
299 3424 374 3480 udaei
388 3423 532 3480 infaciem
544 3423 821 3493 Christodederunt,
833 3422 902 3495 quia
913 3422 945 3477 in
998 3419 1122 3489 uentibus
1142 3420 1208 3490 (Act.
1232 3438 1269 3490 rx,
1287 3421 1342 3494 15).

123 3530 191 3570 eum
206 3514 322 3570 credere
336 3511 487 3585 dedignati
502 3516 581 3568 sunt.
597 3512 627 3567 Si
646 3528 715 3585 ergo
739 3512 851 3568 dictum
875 3515 943 3567 est:
1034 3506 1184 3570 Quomodo
1195 3525 1263 3582 ergo
1273 3510 1426 3567 hocsuum
1438 3512 1635 3587 ministerium
1646 3511 1823 3571 honoritice-

121 3603 239 3659 Domum
259 3604 381 3675 ipsorum
400 3616 505 3672 semper
527 3600 653 3667 incuruo,
670 3617 703 3655 ac
726 3599 752 3655 si
775 3599 944 3657 diceretur:
999 3595 1070 3650 batt
1084 3596 1207 3664 Scilicet,
1220 3599 1357 3671 quianon
1371 3599 1489 3656 illorum
1500 3605 1616 3657 tantum
1628 3618 1730 3660 curam
1740 3618 1825 3676 gera·

124 3690 163 3748 Ut
171 3707 324 3765 nunquam
334 3690 364 3746 in
375 3688 492 3761 melius,
504 3690 555 3746 sed
566 3705 683 3763 semper
692 3689 721 3744 in
732 3689 816 3761 pejus
827 3705 945 3745 conver·
999 3684 1058 3750 bat,
1069 3685 1099 3740 in
1117 3686 1225 3758 quibus
1236 3687 1400 3760 specialiter
1412 3688 1627 3761 praedicationis
1637 3691 1769 3751 officium
1779 3709 1826 3750 ac·

123 3783 236 3838 tantur.
245 3779 419 3836 incurvatur
428 3778 527 3850 itaque
536 3779 657 3835 dorsum
667 3777 796 3846 illorum,
806 3781 876 3850 quia
887 3792 945 3834 non
999 3778 1125 3847 ceperat,
1137 3777 1187 3832 aed
1200 3781 1229 3833 et
1238 3777 1348 3835 Judaeis
1362 3778 1506 3836 instanter
1518 3780 1707 3853 Evangelium
1720 3782 1825 3855 predi·

124 3868 264 3940 ooelestia,
279 3869 331 3926 sed
353 3871 469 3925 terrena
491 3883 608 3940 semper
631 3867 795 3940 acquirunt.
820 3871 945 3923 Dorsum
999 3863 1094 3920 cabat.
1825 3938 1829 3943 ι

124 3958 232 4032 quippe
246 3958 408 4027 incurvare,
422 3960 469 4014 est
491 3973 608 4031 semper
629 3956 767 4012 interiora
790 3955 944 4028 respicere.
1034 3953 1091 4009 Cur
1104 3958 1202 4011 autem
1217 3956 1272 4012 hoo
1283 3957 1390 4014 taceret
1403 3958 1467 4031 ipse
1478 3958 1659 4027 manifestat,
1673 3976 1740 4016 cum
1757 3961 1826 4018 sub-

122 4047 229 4105 Volens
238 4047 487 4121 igituroatendore
496 4062 597 4102 casum
606 4045 945 4103 infideliumiudeorum
994 4044 1114 4116 jungit:
1127 4045 1159 4101 st
1168 4046 1301 4118 quomodo
1314 4046 1352 4102 od
1361 4047 1551 4105 aemulandum
1559 4063 1702 4120 provocem
1711 4065 1825 4106 comesu

122 4153 309 4211 nequaquam
324 4152 436 4207 vacare,
451 4135 560 4207 adjecit
574 4135 648 4207 (390)
664 4153 671 4191 :
689 4137 756 4191 Dico
768 4150 832 4204 erqo
847 4152 857 4189 :
872 4137 945 4191 Nuri-
999 4149 1099 4190 meum.
1116 4133 1240 4191 Carnem
1254 4152 1350 4205 suam,
1366 4136 1395 4191 id
1412 4140 1467 4206 est,
1482 4135 1596 4209 plebem
1611 4137 1778 4206 iudaicam,
1788 4154 1826 4195 ax

122 4227 188 4300 quid
196 4227 237 4281 aic
247 4224 429 4296 offenderunt,
439 4232 470 4279 ut
478 4225 628 4280 cuderent?
643 4221 697 4278 Ubi
707 4223 944 4280 subaudiendum
998 4238 1057 4294 qua
1066 4223 1163 4280 carnis
1175 4223 1318 4297 originem
1329 4225 1466 4299 sumpsit,
1478 4227 1514 4281 ad
1525 4225 1724 4283 emulantium
1739 4242 1781 4295 se,
1791 4226 1826 4284 id

121 4316 176 4380 est,
191 4312 367 4370 solumnodo.
383 4312 417 4367 Ut
431 4316 477 4368 est
490 4327 596 4368 sensus
612 4329 619 4366 :
643 4309 738 4367 Nolite
752 4310 877 4384 gentiles
893 4312 944 4368 ad·
998 4315 1052 4378 ost,
1068 4311 1245 4369 imitandum
1262 4330 1417 4386 provocare
1431 4313 1566 4371 volebat:
1592 4319 1634 4383 ut,
1651 4315 1729 4371 sicut
1747 4313 1824 4388 ipss,

120 4417 222 4458 versus
236 4396 354 4457 Judao's
369 4399 443 4473 (391)
466 4400 616 4471 quoniam,
633 4399 688 4455 etsi
703 4400 896 4469 offenderunt,
912 4406 945 4458 ut
997 4399 1036 4456 ita
1050 4404 1079 4456 et
1094 4401 1144 4457 illa
1158 4402 1298 4468 crederet,
1313 4407 1342 4459 et
1356 4403 1527 4460 salvaretur.
1545 4405 1581 4459 Ut
1594 4403 1650 4460 hoc
1671 4407 1728 4474 est,
1743 4403 1826 4476 quod

120 4492 268 4561 caderent,
281 4507 368 4548 casus
383 4494 481 4547 tamen
496 4488 615 4546 illorum
630 4505 688 4545 uon
703 4494 804 4546 vacat:
822 4489 880 4546 illis
896 4507 944 4547 oa·
958 4511 983 4578 D
998 4489 1131 4559 sequitur
1146 4507 1153 4545 τ
1183 4491 1214 4547 Ut
1234 4491 1327 4546 scices
1340 4490 1444 4561 tesiam
1458 4492 1562 4563 aliquos
1578 4508 1612 4547 ex
1627 4492 1696 4547 iltis.

120 4580 268 4651 dentibus,
279 4579 363 4636 vobis
374 4580 443 4635 data
454 4582 499 4635 est
509 4578 623 4635 occasio
634 4579 815 4651 resurgendi.
824 4578 906 4635 Unde
916 4584 944 4636 et
1033 4577 1078 4644 Et,
1089 4581 1121 4633 ut
1137 4581 1235 4635 tamen
1247 4579 1382 4650 probaret
1392 4595 1449 4634 non
1461 4595 1565 4635 vacare
1577 4596 1679 4636 casum
1691 4577 1823 4647 illorum,

120 4669 277 4725 subditur:
295 4668 346 4725 Sed
359 4668 472 4725 illorum
487 4668 586 4724 delicto
600 4669 676 4724 scius
690 4668 824 4740 pentibus,
838 4672 867 4723 ut
881 4669 943 4724 titos
997 4667 1127 4740 adjecit:
1156 4666 1188 4722 Si
1212 4668 1287 4722 euim
1311 4669 1424 4722 omissio
1446 4682 1552 4736 eorum,
1568 4668 1760 4726 reconciliatio
1784 4674 1828 4729 oet

118 4758 294 4814 aemulentur.
306 4757 417 4813 Delicta
431 4774 558 4829 namque
572 4756 753 4813 infidelitatis
763 4755 779 4811 J
782 4757 943 4826 udaeorum,
996 4756 1103 4824 muudi,
1119 4771 1181 4827 que
1195 4757 1355 4827 assumptio,
1371 4757 1429 4811 uici
1442 4757 1500 4811 citu
1518 4773 1553 4811 cs
1574 4757 1711 4813 mortuis?
1725 4756 1824 4815 amb·

120 4844 202 4904 salus
217 4846 294 4901 facta
307 4850 353 4902 est
367 4846 516 4918 gentibus,
528 4845 666 4918 quoniam
682 4844 800 4902 illorum
815 4844 943 4902 infideli·
997 4845 1109 4901 sionem
1119 4844 1287 4900 iudeorum
1301 4844 1494 4916 perditionem
1506 4850 1598 4915 vocat,
1610 4863 1673 4919 que
1688 4845 1767 4901 sacta
1777 4848 1827 4903 est

118 4939 190 5004 tate,
202 4934 340 5008 gentibus
354 4935 468 4991 occasio
484 4934 621 4991 credendi
637 4934 704 4991 data
719 4939 773 5005 est,
784 4939 814 4991 et
826 4934 942 4992 salvata
997 4950 1048 5007 per
1058 4933 1341 5005 infidelitatemque
1352 4933 1548 5020 reconciliatio
1561 4935 1664 4991 muudi
1679 4935 1825 5008 luitque·

118 5028 198 5082 sunt.
996 5022 1075 5078 niam
1086 5022 1143 5078 illis
1158 5023 1188 5078 iu
1199 5021 1370 5078 infidelitate
1381 5023 1631 5096 permanentibus,
1640 5023 1784 5091 mundus,
1792 5022 1824 5080 id

153 5115 235 5180 Quod
250 5116 348 5170 autem
364 5111 434 5168 dicit
449 5129 456 5169 :
476 5120 507 5168 ut
521 5112 583 5168 illos
597 5114 776 5180 aemmmtur,
792 5129 850 5168 uon
865 5111 941 5169 acci·
996 5115 1051 5178 est,
1065 5111 1244 5168 habitatores
1256 5111 1368 5184 muudi,
1381 5112 1416 5167 ad
1430 5111 1665 5184 predicationem
1677 5110 1825 5184 apostolo·

117 5202 259 5275 piendum
271 5206 326 5272 est,
334 5201 413 5273 quod
423 5202 436 5257 J
442 5200 539 5258 udeos
548 5200 579 5256 in
590 5200 761 5258 infidelitate
770 5217 942 5273 permanan·
996 5218 1072 5268 rum,
1088 5201 1139 5273 qui
1154 5199 1267 5272 expulsi
1289 5203 1368 5273 sunt',
1384 5200 1527 5257 credendo
1542 5199 1722 5257 reconciliati
1737 5205 1821 5271 sunt,

151 5411 225 5484 (389)
240 5414 336 5470 Verba
359 5422 417 5471 et...
447 5420 583 5480 crearent,
608 5411 638 5467 in
666 5413 799 5486 margine
827 5412 940 5472 laterali
1041 5414 1090 5471 391
1119 5415 1253 5471 Fortasse
1268 5415 1373 5480 eototti,
1387 5412 1434 5469 vel
1453 5414 1549 5469 irasci.

115 5483 173 5542 sita
193 5488 272 5540 sunt.
1040 5487 1093 5541 392
1119 5491 1152 5541 ln
1171 5491 1270 5560 autog.
1289 5501 1383 5559 marg.
1398 5483 1447 5541 bio
1461 5483 1586 5543 habetur
1598 5501 1661 5560 cap.
1678 5484 1818 5544 XXXVII.

151 5554 225 5637 (390)
240 5558 273 5613 In
295 5558 393 5631 autcg.
409 5571 503 5631 marg.
519 5552 626 5628 legitur
639 5552 687 5612 hio
702 5570 766 5632 osp.
782 5554 901 5616 xxxvl.
1040 5557 1093 5613 393
1120 5555 1201 5633 tulg.
1217 5557 1343 5617 Scotum
