3908 6096
123 280 163 347 89
531 290 581 352 DE
602 288 814 357 suessonis
838 289 1164 353 mansuetissime.
1181 325 1220 337 -
1234 292 1335 354 PARS
1357 289 1410 353 lll.
1782 284 1826 349 9)),

124 418 332 496 presumptive
342 423 474 496 pertrui?
483 425 629 499 Scriptum
639 424 747 500 quippe
757 430 819 482 ost:
834 423 895 484 Nau
904 426 942 483 est
956 424 985 495 Α
998 424 1084 498 (Ρια).
1096 442 1198 496 cxxxii,
1216 426 1270 497 15).
1288 426 1322 485 Ε)
1335 424 1498 485 ieremias:
1512 425 1577 485 lissa
1591 423 1658 483 etei
1673 423 1820 483 Dominus:

123 526 217 573 seruas
231 527 313 584 super
326 512 471 571 deminum
484 531 566 572 suum
581 513 673 588 (Mota.
689 533 717 587 x,
732 515 789 586 24).
818 515 943 588 Dignum
971 508 974 519 '
998 515 1145 573 Adversum
1160 533 1252 574 amnes
1266 520 1369 575 areium
1390 533 1463 574 ineos
1476 519 1617 589 pessimos,
1642 517 1692 589 pai
1704 517 1822 586 torpunt

123 599 203 657 anim
219 606 433 672 procuratorem
448 603 474 660 el
495 603 572 661 inter
595 604 729 663 homines
751 603 880 661 invenire
899 603 947 661 vix
998 606 1197 676 hereditatem,
1226 623 1309 679 qaam
1332 607 1416 664 tribui
1436 607 1538 680 populo
1562 621 1622 662 meo
1636 605 1729 662 lsrael.
1755 606 1820 661 Eece

124 692 945 768 possumus,Dominumautemejuspenitusignoramus
998 710 1045 767 eae
1059 693 1177 752 evellam
1196 711 1241 752 eas
1261 696 1294 751 de
1317 704 1391 753 terra
1418 712 1470 751 sua
1494 696 1601 767 (terem.
1617 711 1669 763 ιιι,
1685 693 1739 766 14).
1768 693 1820 749 Di-

124 778 332 850 preterillum,
343 781 378 838 tle
388 798 445 853 quo
455 782 584 839 loannes
595 783 727 856 Baptista
735 782 791 840 ait:
804 784 858 855 Qui
866 783 944 839 tabet
999 799 1090 858 gnum
1105 784 1160 856 [est
1181 783 1223 860 ut]
1240 785 1289 858 qui
1304 784 1517 842 ecclesiasticas
1533 800 1591 853 res,
1608 782 1657 840 Dei
1673 782 1819 854 siquidem

120 881 262 938 marisam,
276 884 388 941 spamus
412 879 453 927 est
473 871 562 943 (loun.
578 887 620 939 ιιι,
635 872 692 944 29).
712 874 752 928 ln
777 872 944 929 sanctado-
999 873 1200 931 hereditatem
1219 875 1418 932 contaminare
1443 878 1635 948 presumunt,
1660 890 1678 930 a
1702 874 1820 947 propria

123 952 214 1013 alesia
225 973 333 1029 sponsa
352 955 460 1015 Christi
464 1001 945 1019 .................
999 979 1057 1034 qua
1067 964 1148 1035 juste
1158 963 1268 1036 perfrui
1283 967 1420 1037 poterunt
1434 963 1637 1021 excludantur.

125 1083 251 1101 .....
271 1062 390 1103 summa
406 1047 506 1120 itaque
521 1047 677 1107 Salomone
691 1050 796 1122 ipsam.
819 1094 825 1107 .
848 1092 855 1106 .
878 1091 885 1106 .
908 1090 944 1106 ..
1037 1051 1820 1127 llocverodiligentissimeintuendumest,quiaDeus

124 1149 224 1191 rursus
236 1134 425 1193 devotissime
434 1137 637 1210 imploremus,
647 1144 681 1196 ut
691 1139 786 1212 ipsam
797 1155 849 1212 pro
860 1137 946 1197 nohis
1000 1141 1196 1215 omnipotens,
1213 1140 1346 1215 quamvis
1357 1141 1657 1214 nestrisexigcntibue
1667 1139 1762 1212 culpis
1773 1140 1821 1195 Εε·

124 1222 160 1279 ad
186 1238 253 1278 cum
276 1223 406 1281 interced
427 1267 613 1284 .......
633 1228 757 1300 auterre,
784 1228 836 1286 sed
864 1228 947 1285 devo·
1000 1228 1819 1304 elesiameuamflagellarevolueritperdepredationem,

120 1309 247 1380 tissime,
263 1328 327 1386 que
338 1314 504 1372 necessaria
516 1315 667 1373 suntinibi
679 1314 828 1390 postulare
849 1359 855 1373 .
878 1358 885 1373 .
908 1356 915 1371 .
938 1357 944 1372 .
998 1319 1043 1377 vel
1058 1319 1189 1394 aliquam
1197 1319 1414 1390 contritionem,
1424 1337 1482 1376 non
1492 1319 1555 1376 suis
1564 1318 1687 1389 dilectis,
1699 1319 1749 1375 sed
1761 1317 1821 1374 illis

124 1441 279 1457 ......
300 1419 342 1471 re,
358 1420 426 1459 nam
442 1409 471 1461 et
480 1404 569 1461 David
585 1405 718 1464 esuriens
734 1403 946 1480 propositionis
1000 1410 1055 1467 hoc
1071 1427 1155 1484 egere
1165 1410 1317 1483 permittit,
1334 1409 1443 1483 quibus
1453 1409 1548 1466 diram
1563 1407 1667 1465 exindo
1681 1407 1712 1464 in
1727 1412 1821 1480 poste·

123 1505 215 1562 panes
230 1489 265 1546 de
280 1491 388 1563 templo
403 1493 531 1566 arripere
547 1493 575 1550 vi
590 1512 647 1551 uon
659 1495 856 1568 presumpsit.
879 1536 886 1551 .
907 1535 914 1550 .
937 1536 944 1549 .
1000 1515 1066 1556 rum
1083 1498 1436 1557 reddatvicissitudinem.
1453 1498 1488 1557 Ε)
1498 1498 1528 1554 in
1544 1496 1620 1554 lsaia
1633 1495 1769 1570 legimus,
1785 1497 1822 1552 de

125 1620 132 1634 .
155 1618 162 1633 .
185 1619 192 1634 .
215 1621 221 1635 .
237 1578 411 1648 douisvcro,
427 1583 562 1654 quamvis
576 1599 674 1658 arege
689 1585 810 1653 missus,
826 1584 945 1657 quiade
999 1587 1163 1645 Jerusalem
1177 1587 1292 1645 dicente
1316 1585 1439 1645 Domino
1461 1587 1497 1644 ad
1522 1584 1730 1659 Babyloniam:
1756 1584 1822 1642 Sede

122 1667 232 1741 templo
241 1668 292 1725 Dei
306 1668 416 1743 aliquid
428 1671 542 1729 aulerre
550 1672 813 1748 ,voluitabangelo
823 1690 946 1748 pareus·
1000 1679 1092 1733 tarem
1108 1678 1182 1733 iutra
1203 1676 1341 1749 tersurus,
1364 1675 1426 1747 filia
1447 1674 1652 1738 Chaldaeorum
1676 1675 1743 1745 quia
1767 1688 1822 1729 aaa

122 1773 174 1815 sus
189 1761 245 1815 ast.
258 1757 314 1816 Sed
329 1759 400 1833 quid
416 1760 536 1830 mirum,
561 1762 586 1819 si
603 1762 697 1820 fidelis
720 1763 857 1838 princeps
883 1779 945 1820 rem
963 1758 1139 1865 Beccaderis
1154 1763 1234 1822 ultra
1247 1765 1360 1822 demina
1379 1781 1540 1836 repuorum.
1564 1766 1653 1821 leatus
1667 1779 1729 1820 sum
1742 1778 1823 1835 super

122 1851 181 1903 Deo
193 1845 320 1905 dicatam
335 1847 366 1904 in
376 1849 505 1907 maxima
515 1850 648 1922 quamvis
661 1851 838 1910 constitutus
849 1869 947 1910 neces·
999 1856 1132 1929 poputum
1145 1871 1249 1924 meum,
1265 1856 1495 1912 etconmmiuaui
1508 1852 1696 1913 hereditatem
1719 1868 1821 1922 meam,

123 1935 211 1993 sitate
225 1936 353 2009 arripere
368 1936 477 2003 timuit,
491 1956 560 1996 cum
575 1941 663 1997 etiam
678 1941 714 1998 ab
730 1942 803 2015 ipsis
819 1941 942 2017 paganis
1000 1947 1025 2001 et
1039 1943 1104 2000 dedi
1115 1959 1160 2000 eae
1177 1944 1378 2011 tunsoratus,
1393 1958 1449 1998 aaa
1473 1942 1589 2014 posuisti
1602 1939 1641 1997 eis
1663 1938 1822 1996 misericer-

122 2025 300 2085 atbarbaris
326 2027 433 2083 tamin
462 2027 557 2085 Veteri
587 2030 773 2087 Testamenta
803 2048 891 2103 quam
914 2031 946 2088 in
1000 2032 1061 2090 dias
1075 2033 1156 2102 (lsai.
1168 2048 1254 2099 xcvii,
1269 2031 1307 2103 5).
1324 2030 1461 2096 Quamvis
1476 2031 1554 2085 enim
1566 2026 1715 2084 Chaldaeos
1725 2027 1823 2082 Domi-

121 2113 201 2173 Novo
216 2113 271 2172 hoe
286 2115 383 2188 ipsum
399 2117 586 2173 observatum
611 2117 744 2190 legumus
768 2120 841 2176 Nam
856 2124 946 2175 Pom·
1000 2139 1057 2179 nus
1072 2120 1109 2178 ad
1124 2120 1299 2193 capiendum
1312 2117 1401 2176 lsrael
1413 2117 1537 2186 miserit,
1553 2117 1603 2174 sed
1618 2116 1688 2190 quia
1701 2114 1825 2172 crudeli-

120 2204 206 2277 peius
221 2204 265 2260 vir
279 2204 397 2277 gentilis
420 2209 450 2262 et
464 2205 634 2276 bellicosus,
658 2224 725 2263 cum
754 2208 944 2266 rebellantem
1001 2216 1062 2268 tate
1076 2209 1106 2267 in
1122 2195 1165 2266 sis
1180 2208 1298 2282 propria
1311 2207 1396 2264 abusi
1412 2211 1491 2276 sunt,
1508 2210 1537 2262 et
1550 2206 1677 2276 majores
1692 2203 1751 2260 illis
1765 2204 1823 2260 im·

120 2292 945 2370 Jerusalemexpugnassct,infinitamthesaurioopiamin
1000 2297 1368 2373 posueruntplagasquam
1379 2295 1427 2352 Dei
1439 2291 1823 2366 ultioelssagitabat,iratum

120 2381 231 2455 templo
244 2382 358 2439 Domini
368 2383 766 2458 audieratcongregatam,ad
778 2403 867 2459 quam
877 2402 945 2443 cum
1001 2388 1184 2445 seadversus
1200 2402 1248 2443 eos
1272 2383 1511 2448 manifestissime
1536 2380 1652 2438 clamat.
1678 2381 1712 2437 Ε)
1735 2379 1822 2452 paulo

124 2471 210 2528 medo
220 2470 337 2529 videndi
347 2470 442 2529 selum
453 2488 543 2530 causa
559 2474 740 2544 accessisset,
761 2480 866 2532 cuneta
881 2491 946 2547 que
1000 2481 1067 2551 post
1081 2493 1186 2533 rursus
1202 2476 1237 2532 ad
1254 2472 1456 2532 Hierusalem:
1471 2475 1524 2529 ltus
1538 2471 1661 2544 ueraqui
1675 2469 1822 2543 judicave-

122 2559 244 2617 aderam
254 2559 311 2616 sibi
321 2559 574 2634 sigillatimjussit
584 2562 698 2636 exponi.
708 2565 837 2628 Quarum
848 2563 946 2621 multi·
999 2574 1067 2622 rura
1087 2570 1125 2637 te,
1151 2580 1200 2634 cao
1223 2563 1354 2637 judicabo
1382 2563 1458 2635 (lsai.
1487 2576 1562 2627 xcix,
1577 2559 1634 2631 25),
1662 2564 1688 2615 et
1715 2572 1823 2614 omrem

121 2649 255 2706 tudinem
271 2650 431 2718 admirans,
448 2651 521 2707 nihil
532 2651 649 2724 penitus
664 2653 767 2710 exinde
778 2654 946 2726 contingere
1000 2654 1126 2723 limaeam
1141 2653 1310 2709 resistentem
1322 2652 1384 2718 titi,
1399 2649 1509 2723 judicio
1517 2648 1656 2723 iudicabis
1670 2646 1747 2720 (lsai.
1765 2662 1820 2717 mv,

120 2739 318 2811 presumpsit
333 2739 404 2796 ltem
415 2739 546 2797 Alaricus
556 2742 600 2798 vir
611 2741 738 2798 infidelis
749 2746 778 2800 et
788 2743 942 2812 barbarus,
1000 2743 1055 2814 17);
1071 2746 1099 2798 ct
1114 2741 1201 2797 item:
1228 2741 1288 2797 Nou
1311 2741 1341 2795 iu
1356 2741 1552 2812 sempiternum
1575 2736 1719 2810 liliputer,
1734 2752 1821 2806 aeque

120 2843 189 2883 cum
201 2826 277 2883 bello
289 2828 450 2884 itomanam
462 2830 587 2903 cepisset
597 2832 710 2898 urbem,
722 2832 820 2889 emnia
833 2849 897 2905 quae
907 2833 943 2888 ad
998 2846 1084 2903 usque
1098 2829 1133 2885 ad
1147 2830 1230 2900 finem
1253 2831 1359 2885 irascar
1382 2829 1458 2901 (lsai.
1475 2843 1541 2892 ινιι,
1563 2826 1607 2898 16)
1619 2844 1626 2893 ;
1651 2824 1799 2881 etiterum
1813 2839 1819 2877 :

120 2914 280 2972 Ecclesiam
295 2916 488 2989 confugerant
501 2917 582 2976 salva
596 2936 660 2976 esse
679 2919 823 2992 permisit.
840 2921 875 2976 Ε)
889 2921 944 2977 hoc
998 2921 1030 2975 lu
1045 2918 1234 2991 iadipaatiaue
1246 2934 1308 2974 urea
1324 2918 1447 2989 percussi
1460 2920 1495 2989 te,
1513 2925 1539 2972 et
1554 2917 1584 2971 ia
1599 2914 1824 2972 reconciliatione

120 3002 163 3060 illi
178 3004 425 3078 divinamysteria
440 3005 619 3079 ignorantes.
631 3008 771 3065 Catholici
785 3025 853 3066 vero
866 3010 945 3082 prin·
997 3023 1059 3064 mea
1074 3009 1200 3063 misertus
1214 3023 1275 3063 sum
1300 3008 1343 3062 tui
1368 3007 1444 3079 (lsai.
1461 3022 1505 3074 nx,
1523 3005 1577 3076 10).
1603 3007 1637 3058 nt
1659 3001 1821 3059 ieremias:

119 3091 944 3170 cipesmanileetumestquiallcelesiaallcinonprasump
999 3094 1115 3153 Sanetus
1129 3094 1217 3150 lsrael
1230 3094 1346 3150 Domine
1358 3094 1492 3167 primitie
1506 3095 1620 3165 [meam
1640 3093 1712 3165 ejus,
1731 3106 1824 3146 omnes

118 3186 220 3239 serant
229 3181 386 3249 dominari,
396 3183 447 3238 sed
457 3181 604 3256 elegerant
615 3183 715 3240 sedule
726 3184 872 3241 famulari.
883 3187 944 3242 ldo-
960 3165 983 3232 (ἶ
1001 3185 1049 3255 qui
1062 3183 1192 3238 deuorarat
1206 3198 1269 3238 eum
1281 3182 1449 3253 delinquerat,
1465 3181 1540 3236 mala
1553 3181 1663 3236 uenient
1675 3195 1824 3252 sapereos,

117 3268 287 3340 linquaque
303 3267 462 3325 servientes
476 3274 584 3327 terram
600 3272 796 3340 sacerdotum,
812 3271 857 3328 vel
871 3278 945 3329 tem-
1000 3271 1068 3327 dicit
1079 3269 1209 3326 ueniam
1224 3269 1333 3341 (ierem.
1358 3285 1390 3338 11,
1404 3268 1442 3340 3).
1469 3268 1504 3324 Ε)
1519 3266 1609 3326 David
1625 3266 1655 3322 in
1679 3264 1822 3340 psalmis:

119 3355 240 3430 plerum
260 3372 415 3414 suoruma
438 3357 556 3430 publiea
580 3359 727 3417 iunctione
748 3361 944 3418 removebant.
1002 3359 1059 3432 lpsi
1072 3358 1187 3427 abliaati
1199 3365 1272 3426 suat,
1287 3355 1499 3420 etceeideruat,·
1527 3372 1575 3412 aas
1590 3358 1683 3413 autem
1697 3355 1824 3411 surrexi·

118 3442 202 3507 Quod
218 3448 248 3500 ct
261 3444 298 3501 de
312 3443 462 3503 Pharaone
490 3462 557 3519 rege
584 3447 699 3521 AEgypti
728 3447 865 3522 legimus,
895 3449 945 3523 qui
1000 3449 1103 3503 masat
1131 3446 1216 3503 erecti
1241 3461 1336 3501 sumas
1364 3445 1577 3518 (Psal.x1x,9);
1607 3444 1744 3501 etitem:
1774 3445 1825 3514 Qui

120 3547 190 3588 cum
206 3548 323 3590 omnem
339 3536 447 3590 terram
463 3534 578 3608 AEgypti
601 3552 660 3592 sue
676 3535 835 3609 redegisset
857 3536 945 3594 ditio·
1001 3535 1137 3592 tribulant
1149 3550 1192 3591 me
1202 3535 1311 3591 inimici
1329 3534 1394 3604 mei,
1410 3536 1465 3606 ipsi
1478 3535 1616 3606 infirmati
1629 3542 1702 3606 sunt,
1717 3536 1743 3590 et
1756 3534 1825 3590 ceci·

122 3620 164 3688 ni,
180 3625 289 3678 terram
304 3621 516 3680 sacerdotalem
531 3624 654 3697 excepit,
666 3629 695 3682 ct
705 3624 872 3683 indemnem
883 3643 946 3700 per·
1000 3623 1100 3680 deraret
1114 3623 1201 3696 (Psal.
1217 3640 1294 3691 xxvi,
1304 3622 1344 3696 2).
1361 3626 1396 3678 nt
1411 3622 1552 3681 Dominus
1563 3624 1599 3679 da
1609 3621 1698 3680 Israel
1709 3639 1823 3679 rursus:

122 3708 215 3767 misit.
1001 3713 1121 3770 Visitalro
1137 3713 1168 3768 ia
1184 3714 1262 3785 eirea
1276 3713 1440 3786 iniquitates
1454 3728 1557 3782 eoram,
1577 3716 1603 3769 et
1623 3714 1653 3768 iri
1667 3711 1825 3769 ueteribus

158 3799 233 3866 Quid
248 3814 317 3873 ergo
332 3800 368 3857 de
382 3798 452 3870 illis,
470 3801 520 3874 qui
535 3818 646 3873 eaque
662 3804 698 3859 ad
723 3820 851 3875 presens
865 3805 945 3861 inve·
998 3805 1110 3873 peecata
1127 3816 1232 3857 earum.
1247 3800 1462 3858 Misericordiam
1476 3811 1569 3858 eutem
1591 3818 1679 3857 uuam
1702 3817 1757 3856 nau
1771 3799 1825 3855 dis-

124 3887 209 3944 niunt
228 3889 444 3962 depredantur,
467 3894 498 3947 et
520 3908 584 3962 que
609 3892 639 3948 in
660 3892 757 3948 saturo
777 3895 946 3968 congregari
998 3891 1234 3963 perarmatus:
1251 3905 1338 3962 raeque
1358 3891 1457 3948 aoeelm
1472 3893 1504 3946 iu
1518 3892 1632 3947 ueritate
1645 3905 1706 3946 mea
1734 3888 1822 3961 (Psoi.

124 3979 355 4048 posseeredunt,
372 3979 499 4035 exactori
516 3978 666 4052 quasieub
681 3981 807 4053 pastoris
828 3983 946 4040 nomine
1001 3990 1136 4049 mxv111,
1166 3978 1222 4050 33)·
1252 3979 1288 4034 Ε)
1315 3979 1384 4034 ilem
1408 3978 1552 4034 ieremias
1576 3979 1610 4033 ad
1646 3978 1821 4033 Dominum:

124 4066 309 4137 vendunt,et
332 4072 442 4139 quanto
471 4069 584 4140 majora
612 4068 732 4126 fuerunt
759 4071 945 4143 patrimonia,
1002 4064 1150 4122 Prodidisti
1163 4068 1239 4121 enim
1268 4082 1325 4135 nos,
1356 4075 1386 4122 ut
1410 4066 1638 4130 emendarem&
1660 4066 1707 4121 illi
1729 4069 1824 4120 avim

123 4159 206 4213 tanto
216 4155 358 4229 prolixius
372 4156 546 4230 episcopalis
557 4158 700 4215 ordinatio
714 4158 883 4233 propalatur
895 4177 902 4229 ;
914 4166 947 4219 ut
1000 4159 1223 4226 aaaravuueruut
1233 4155 1334 4228 jupam
1347 4171 1427 4211 saum
1442 4170 1526 4224 super
1538 4170 1598 4210 aas.
1623 4155 1657 4210 Ε)
1684 4152 1824 4208 Dominus

122 4243 196 4301 nihil
212 4248 363 4302 remaneat
373 4245 585 4315 indiscussum,
596 4248 674 4319 quod
685 4247 756 4304 utile
765 4248 944 4306 videaturad
1000 4242 1030 4300 in
1041 4242 1195 4317 Evangelio
1211 4260 1217 4299 :
1235 4244 1266 4299 Si
1279 4246 1340 4316 aurs
1355 4242 1585 4301 scandalizaverit
1596 4259 1682 4299 uuum
1692 4241 1725 4299 de
1736 4241 1824 4314 pusil-

122 4333 234 4390 usum?
248 4332 285 4390 Ut
300 4334 341 4390 sic
357 4333 466 4406 pariter
481 4334 542 4391 luat
558 4334 688 4392 Ecclesia
701 4337 868 4394 animarum
885 4339 945 4396 dis·
1000 4335 1036 4389 lis
1046 4333 1107 4389 istis
1120 4334 1168 4405 qai
1180 4334 1211 4389 ia
1226 4350 1268 4390 me
1279 4334 1406 4406 credunt,
1421 4333 1532 4407 expedit
1546 4336 1582 4403 ei,
1598 4342 1627 4390 ut
1641 4333 1825 4406 suspendatur

121 4420 274 4494 pendium,
292 4420 482 4476 amissionem
498 4427 527 4477 et
541 4439 649 4478 rerum.
673 4424 708 4480 Ε)
730 4429 800 4480 tuno
826 4427 944 4483 tandem
998 4422 1072 4478 melu
1083 4424 1208 4479 asinaria
1223 4425 1253 4478 iu
1266 4424 1336 4480 eollo
1351 4424 1421 4495 ejus,
1438 4423 1652 4493 etdemerputur
1667 4425 1697 4479 iu
1708 4423 1824 4495 prosua-

122 4508 948 4588 novissimesequiturepiseopalisordinatio,quampar·
962 4526 986 4591 ρ
1001 4511 1067 4568 dum
1095 4515 1185 4568 maris
1209 4512 1317 4583 (llattlu.
1342 4529 1424 4579 xv111,
1448 4513 1487 4582 6).
1516 4513 1571 4569 Sed
1596 4512 1671 4567 dicet
1694 4510 1821 4582 aliquis:

122 4613 224 4655 cerum
237 4596 375 4670 praecedit
384 4596 487 4655 electio
500 4615 507 4666 ;
519 4614 613 4670 neque
624 4599 815 4673 inquiruntur
832 4605 946 4674 merita,
1002 4601 1140 4667 Quamvis
1156 4601 1235 4657 euim
1251 4616 1297 4657 res
1311 4600 1513 4658 ecclesiastiea
1533 4618 1550 4656 a
1565 4616 1611 4656 me
1626 4600 1822 4671 detineantur,

122 4686 173 4744 sed
186 4685 285 4758 potius
294 4684 443 4758 eliguntur
453 4702 585 4743 munera.
597 4688 686 4761 CuJ'us
697 4707 827 4763 unquam
839 4693 947 4766 predia
1001 4689 1094 4762 liquet
1110 4690 1179 4762 quie
1194 4689 1279 4761 plura
1293 4689 1435 4745 beneficia
1448 4690 1495 4762 [ex
1507 4689 1579 4763 ipsis
1595 4706 1647 4763 per
1661 4706 1707 4745 me
1722 4690 1822 4745 adver·

119 4772 207 4832 toties
219 4773 948 4853 depredataetpostmodumvenundata,quemad·
1001 4797 1053 4836 sus
1070 4781 1203 4836 eamdem
1218 4778 1372 4835 ecelesiam
1389 4779 1606 4848 ministrantur,
1631 4778 1762 4851 quamsi
1785 4779 1821 4834 ab

120 4864 243 4920 modum
259 4867 368 4919 sancte
383 4863 517 4921 Ecclesia
532 4864 745 4923 inveniuntur?
768 4871 823 4926 lut
838 4870 946 4941 quibus
1000 4868 1105 4924 iisdem
1134 4866 1342 4923 ecelesiasticis
1370 4868 1586 4924 detinerentur:
1617 4868 1668 4923 sed
1702 4868 1822 4936 errant]

120 4951 946 5032 sacrificiistalespoteruntexpiariproedoneelDenique
1001 4955 1822 5029 Oneergoopera[misericordiadehujusmodilrugibus

123 5043 269 5116 scriptum
286 5044 350 5099 est:
368 5040 398 5096 Si
408 5046 565 5114 peccaverit
579 5046 622 5100 uir
636 5047 664 5101 ia
678 5048 780 5118 uirum,
793 5050 907 5120 placare
920 5051 947 5107 ei
1000 5062 1017 5102 a
1032 5044 1142 5101 talibus
1162 5047 1299 5118 poterunt
1323 5045 1451 5118 legitime
1476 5045 1656 5118 preparari?
1683 5040 1821 5113 Nunquid

117 5135 206 5205 petest
221 5135 312 5188 Deus:
328 5132 459 5186 siautem
474 5133 504 5188 iu
527 5134 613 5189 licam
634 5138 785 5208 peccauerit
807 5138 862 5207 uir,
884 5140 945 5211 puis
1000 5134 1211 5208 eleemosynas]
1227 5133 1353 5209 largiri?
1369 5134 1413 5190 vel
1439 5135 1562 5192 tortasse
1589 5133 1687 5206 potius
1715 5131 1822 5202 [ipsius

118 5220 209 5278 arabit
228 5237 278 5293 pro
303 5223 357 5277 aa?
386 5219 410 5292 (l
423 5223 487 5290 lieu.
504 5237 536 5291 ιι,
551 5222 608 5293 25.)
625 5224 749 5292 Quidam
765 5229 792 5281 et
820 5225 856 5282 ab
871 5226 945 5298 ipsis
999 5224 1127 5281 ecclesie
1140 5222 1384 5296 eujuabeneficiis
1397 5223 1423 5278 vi
1434 5224 1597 5296 potiuntur,
1608 5218 1711 5276 altaria
1722 5235 1822 5293 coope-

118 5309 265 5383 episoopis
288 5309 397 5366 fuerint
419 5308 556 5366 cautione
580 5312 666 5369 firma
670 5355 942 5371 ..........
999 5313 1061 5382 riri,
1078 5311 1122 5368 vel
1137 5311 1304 5387 luminaria]
1320 5313 1469 5378 succendi,
1493 5309 1652 5366 architecte
1666 5308 1820 5382 reparari?

119 5397 219 5456 Omnes
230 5400 372 5471 principes
399 5415 499 5455 eorum
521 5400 571 5470 pai
597 5400 748 5459 dicerunt:
779 5404 944 5460 Heredium
998 5401 1109 5460 Clamat
1123 5401 1266 5458 Dominus
1282 5419 1334 5475 per
1348 5402 1438 5459 Osee:
1464 5397 1677 5454 lleerr‘rorutam
1698 5400 1777 5454 valui
1794 5408 1820 5456 et

115 5487 306 5561 possideamus
321 5490 513 5544 sarrctaariara
527 5488 585 5544 liei.
615 5491 685 5547 Deus
713 5510 798 5562 eureus,
819 5510 888 5566 poue
904 5492 942 5547 il·
998 5507 1054 5548 ueri
1069 5492 1246 5564 sucrificium,
1258 5495 1283 5546 et
1293 5493 1435 5546 amentium
1445 5488 1496 5542 Dei
1511 5487 1654 5560 plusquam
1665 5488 1821 5544 holocausta

119 5577 328 5640 mistretam:
356 5579 474 5634 etsieut
500 5579 631 5652 stipulam
660 5585 723 5637 aute
743 5583 844 5655 [aciem
866 5584 942 5639 venti
997 5579 1072 5654 (Osee
1095 5600 1133 5652 vr,
1156 5582 1194 5654 o).
1224 5582 1260 5636 Ε)
1274 5580 1359 5635 item:
1376 5577 1429 5648 Epo
1443 5576 1574 5634 Dominus
1595 5577 1713 5650 diliaeas
1732 5575 1813 5650 judi-
