3908 6096
33 288 35 293 ,
116 226 179 293 000
627 228 797 327 aaronis
818 229 1113 306 vnaunnuvnsrs
1135 227 1314 309 00000000
1762 225 1828 303 tut

117 358 322 439 imperfectum
336 359 448 439 genuit.
463 361 518 431 Qui
532 364 602 420 tune
616 363 651 418 de
667 367 748 420 utero
763 362 867 420 matris
893 366 939 421 est
951 365 979 434 Α
992 367 1052 421 tres
1065 381 1158 423 annos
1171 366 1265 436 vorat,
1281 361 1415 435 aseendit
1427 358 1644 435 lerosolymam
1658 356 1762 431 videns
1773 352 1826 418 Pe·

120 442 945 529 segregatus,eumaJudaiamo,oujusiueratemulator‚
1001 456 1091 511 trum.
1697 504 1700 509 .

119 544 165 600 ast
176 545 329 613 separatus
345 541 432 614 (839).
1037 541 1093 599 Sed
1110 541 1183 599 iorte
1197 541 1268 598 dicit
1283 540 1411 614 aliquia:
1428 539 1503 606 Quid
1518 538 1593 597 mihi
1621 538 1744 611 prodeat
1766 538 1828 597 hee

155 629 295 703 Sequitur
310 648 317 688 :
335 632 367 689 llt
384 631 517 687 revelaret
532 630 636 687 Filium
649 647 731 686 auum
745 632 776 686 in
789 646 842 688 me.
864 630 945 696 Quod
1001 628 1162 703 apostolica
1176 629 1316 702 narratio,
1327 628 1457 702 quuisse
1468 626 1762 695 etredissesadiuitt
1772 630 1829 687 Sed

122 723 219 776 entem
235 718 315 789 dicit,
326 721 358 776 in
372 735 425 786 me,
444 717 728 775 utnonnullivolunt
739 718 794 775 hoe
804 718 928 775 estmr'bi
935 735 946 782 ;
1003 735 1039 777 ue
1053 734 1154 774 venare
1168 717 1312 783 videatur,
1329 717 1358 773 id
1374 717 1452 789 cogit
1475 733 1530 772 nos
1545 715 1721 788 mysterium
1747 732 1829 788 qure-

122 811 155 863 ut
170 805 231 876 alii,
245 824 294 880 per
307 824 360 863 me.
376 808 441 864 Sive
456 806 526 879 quia
541 807 629 863 homo
644 807 759 880 separis
774 812 819 863 est
834 812 947 863 natura
1003 824 1075 865 rere.
1087 806 1199 864 Gumin
1211 800 1403 879 sequentibus
1414 805 1518 877 (Galat.
1535 821 1573 874 ιτ,
1584 805 1683 875 tutu)
1694 820 1749 877 per
1760 807 1829 864 Ara·

123 894 161 953 ed
172 896 247 953 banc
259 894 447 971 traditionem
459 894 822 969 intelligendam,attarnen
837 894 907 951 latet
917 894 946 950 in
1002 897 1094 967 biam,
1109 901 1139 953 et
1153 898 1282 955 montem
1293 895 1374 964 Sine,
1390 900 1420 963 et
1433 893 1609 961 Jerusalem,
1624 893 1722 953 Vetus
1731 895 1830 953 Testa·

124 1001 158 1042 eo
173 985 250 1058 quod
266 984 354 1041 hebet
374 984 420 1052 ;si
436 1001 503 1041 vero
519 985 620 1040 divina
635 984 822 1040 miseratione
830 982 856 1039 ei
867 982 945 1057 quod
1004 989 1137 1059 mentum
1149 985 1370 1056 interpretatum
1382 999 1450 1057 ergo
1460 981 1828 1057 illuminatuaqustulus,

116 1072 272 1131 ‘occultum
289 1078 332 1128 est
348 1070 560 1143 manifestetur,
579 1077 687 1144 utque
703 1071 829 1129 auntDai
839 1070 946 1139 intelli-
1004 1087 1165 1145 agnoscens
1180 1071 1330 1137 Christum
1343 1088 1396 1145 per
1406 1070 1624 1144 revelationem,
1634 1070 1754 1129 abiitiu
1762 1073 1830 1139 Ara-

126 1165 187 1241 gat,
202 1160 292 1219 Filius
307 1160 359 1218 Dei
374 1160 400 1217 ei
411 1160 563 1218 revelatur.
575 1161 657 1226 Quod
668 1166 697 1218 et
709 1161 796 1219 Paulo
809 1160 951 1218 eccidisse
1005 1159 1083 1225 biam
1099 1162 1176 1234 (qua
1190 1160 1403 1235 iuterpretatur
1415 1159 1541 1230 baenilia,
1558 1158 1620 1219 sive
1629 1161 1769 1231 occidua),
1778 1160 1833 1221 hee

127 1253 318 1317 monstretur.
1006 1243 1060 1323 nst,
1076 1264 1210 1309 reversus
1224 1253 1269 1311 eet
1282 1249 1319 1308 ud
1336 1250 1441 1327 begam
1457 1253 1487 1307 et
1501 1248 1832 1323 Prophetas,quiinde·

162 1336 324 1411 Sequitur:
342 1338 475 1394 comanae
484 1354 540 1393 aon
550 1339 675 1411 acquievi
683 1339 764 1394 corni
774 1347 799 1396 et
807 1339 948 1411 sanguini.
1007 1339 1082 1415 iaetu
1093 1342 1186 1407 erant,
1201 1341 1347 1411 quotenne
1358 1337 1547 1413 investigaret
1556 1337 1621 1397 siet
1631 1337 1671 1395 ibi
1681 1337 1831 1414 Christum

128 1428 183 1484 Per
196 1442 314 1483 curnem
328 1428 357 1481 et
371 1427 545 1501 sanguinem
560 1426 694 1485 nonnulli
705 1427 853 1502 apostolos
868 1427 953 1483 intel·
1007 1425 1178 1500 pradictum
1185 1429 1365 1500 agnosceret.
1380 1414 1548 1500 Agnitoibi,
1558 1425 1689 1496 Christo,
1699 1442 1833 1503 reterens

129 1515 237 1589 ligunt.
253 1512 335 1571 Unde
357 1514 552 1588 Porphyrius:
584 1514 770 1572 illuminatus
796 1517 953 1589 Apostolus
1007 1519 1052 1571 est
1068 1516 1241 1584 Damascum
1266 1515 1341 1587 (quae
1370 1513 1579 1587 interpretatur
1600 1514 1715 1589 0000040
1738 1515 1834 1589 popuii

131 1606 206 1680 (840)
221 1604 397 1678 dedignatus
411 1608 457 1660 est
471 1603 596 1661 transire
611 1603 647 1661 ad
659 1604 804 1674 homiues,
816 1608 849 1662 ut
859 1604 895 1662 eb
910 1605 953 1661 eis
1007 1601 1051 1659 vel
1066 1602 1164 1674 osculi)
1178 1601 1269 1676 (341);
1284 1602 1340 1661 hoo
1354 1604 1409 1670 est,
1425 1618 1560 1663 reversus
1575 1606 1620 1661 est
1634 1603 1672 1659 ad
1685 1600 1833 1676 passionis

128 1691 241 1775 aliquid
256 1688 389 1763 disceret.
406 1692 461 1750 Sed
489 1691 559 1749 dicit
575 1692 767 1767 Hieronymus
784 1711 791 1750 ι
820 1693 898 1751 absit
919 1698 992 1800 ut,B
1009 1688 1192 1764 mysterium.
1203 1691 1412 1749 Gorroboratus
1429 1695 1539 1764 eutem,
1551 1689 1744 1762 petiit-laeam
1753 1689 1835 1765 paria

127 1781 258 1848 Petrum,
274 1785 308 1837 ut
322 1782 480 1855 Andream,
510 1785 566 1847 aut,
586 1786 716 1851 ceteros,
745 1782 879 1839 homines
904 1782 951 1839 di·
1007 1783 1037 1836 et
1051 1777 1184 1837 visionis.

129 1884 205 1942 cem,
221 1868 290 1942 quia
305 1868 344 1925 dii
360 1864 453 1926 erent.
468 1870 523 1926 Sed
540 1868 576 1926 de
591 1870 650 1926 illis
660 1871 771 1927 dictum
782 1871 870 1928 estde
887 1871 952 1944 qui·
1045 1868 1118 1942 (842)
1135 1867 1295 1940 Sequitur:
1312 1867 1415 1937 Deinde
1427 1877 1489 1941 port
1502 1884 1589 1929 aanor
1603 1872 1671 1947 tres,
1681 1938 1684 1943 Ι
1695 1872 1751 1931 etc,
1777 1867 1833 1929 lio·

128 1960 186 2016 bus
202 1957 345 2032 scriptum
362 1962 429 2021 est:
445 1957 507 2015 Noa
519 1960 691 2032 penaoaebit
703 1962 817 2032 spiritus
831 1978 908 2017 meur
922 1963 953 2018 io
1008 1957 1131 2013 tandum
1147 1956 1221 2028 quia
1229 1955 1301 2012 dicit
1315 1972 1347 2033 se
1361 1955 1573 2031 ierosolymam
1587 1956 1782 2038 venisea,nqn
1801 1964 1835 2017 ut

129 2048 249 2117 bomine,
265 2051 320 2130 ete.
339 2044 413 2119 (Gen.
430 2066 469 2115 vr,
484 2048 523 2122 3),
539 2047 669 2105 etitem:
700 2051 733 2107 Et
757 2066 821 2107 raro
841 2057 869 2106 et
890 2067 953 2106 san·
1008 2046 1132 2102 disceret
1146 2045 1344 2130 llmngebum,
1361 2047 1439 2118 quod
1455 2063 1506 2119 per
1522 2051 1581 2105 tres
1610 2063 1710 2113 annos,
1728 2047 1833 2121 pradi-

129 2139 191 2210 quie
204 2151 261 2192 nou
273 2136 405 2193 revetavit
418 2137 470 2191 titi
496 2137 599 2210 (440444.
616 2155 673 2208 rvr,
691 2139 746 2209 17).
763 2140 798 2194 Et
823 2147 867 2195 est
890 2155 955 2196 sen·
1009 2135 1093 2204 cavit,
1104 2135 1154 2191 sed
1171 2139 1203 2191 ut
1217 2131 1327 2201 viderat
1342 2134 1470 2194 Petrum.
1486 2135 1605 2195 Retrum
1620 2138 1723 2201 autam
1736 2135 1833 2197 udam

131 2242 184 2282 sus
198 2241 205 2279 τ
221 2227 281 2281 Non
295 2226 421 2296 acquievi
435 2226 515 2281 cami
530 2228 713 2297 etaauquiai
738 2227 793 2283 hoo
814 2230 869 2295 est,
894 2243 953 2283 non
1009 2240 1068 2279 non
1083 2222 1219 2280 vanitatis
1233 2239 1322 2285 eausa
1336 2223 1425 2291 venit,
1450 2222 1506 2281 hoa
1533 2228 1578 2293 ast
1605 2224 1733 2297 (843)οᾷ
1756 2228 1833 2293 asset

132 2311 263 2369 consenti
279 2310 458 2379 carnalibus,
469 2328 521 2368 nec
531 2312 598 2368 misi
611 2314 785 2387 margaritas
795 2331 875 2371 meas
887 2320 955 2373 ante
1009 2311 1118 2380 calvus,
1135 2327 1172 2367 en
1187 2312 1321 2381 crinitus,
1337 2326 1445 2378 macer,
1461 2329 1499 2369 nn
1510 2310 1696 2386 pinguie,ssd
1706 2300 1830 2383 spiritali

131 2416 245 2475 porcos,
261 2403 316 2457 eto.
332 2400 437 2473 (dael.
451 2417 500 2469 vn,
515 2401 553 2474 6).
570 2400 652 2458 Unde
668 2401 774 2460 melius
785 2402 911 2460 habetur
924 2403 955 2461 iu
1008 2400 1180 2468 intentione,
1188 2398 1333 2468 videlicut,
1345 2404 1378 2456 ut
1387 2388 1723 2476 principiapostulorum
1738 2403 1832 2469 deier-

132 2488 242 2561 Graeco,
257 2486 286 2544 id
301 2492 346 2546 est
360 2487 476 2545 contuli.
489 2488 524 2546 ut
537 2493 583 2546 est
606 2506 730 2546 sensus:
746 2491 805 2547 Nou
829 2493 957 2565 acquievi
1009 2493 1054 2569 ret
1067 2488 1219 2545 honorem.

131 2579 211 2634 carni
226 2581 254 2635 et
267 2579 410 2650 seoquini,
426 2577 481 2634 hoc
495 2581 550 2647 est,
569 2595 628 2635 non
655 2578 824 2635 carnalibus
844 2579 957 2653 aliquid
1045 2576 1202 2650 Sequitur:
1219 2578 1252 2632 lu
1266 2576 1356 2649 mansi
1377 2574 1452 2649 apud
1464 2591 1528 2643 4400
1546 2576 1832 2653 dielmquinteeta.

132 2665 253 2733 contuli,
270 2666 340 2737 quia
355 2681 467 2722 nonme
478 2666 595 2735 sociavi,
610 2666 732 2739 sedipsa
742 2667 955 2741 meapraedica-
1009 2663 1134 2739 Multum
1150 2664 1275 2720 valetud
1291 2663 1570 2736 eius'tnientiouam.
1587 2654 1834 2737 studiosiores·

132 2754 211 2809 tione
225 2754 261 2809 ad
278 2753 366 2809 tidem
381 2754 497 2809 trahere
511 2755 621 2811 curavi.
637 2755 672 2811 itt
685 2755 755 2827 quia
768 2757 956 2829 poteratquis
1010 2752 1218 2810 rorumdiount
1228 2752 1306 2809 bunc
1317 2769 1475 2815 numerum
1486 2759 1636 2833 sacratum
1646 2740 1727 2835 esse,
1736 2755 1833 2829 eipla-

133 2840 247 2899 dicere:
268 2844 298 2897 Sl
314 2844 384 2898 tune
400 2859 469 2914 non,
485 2842 656 2917 acquievisti
672 2847 783 2917 poetes,
797 2844 956 2903 ideocoati-
1010 2858 1079 2900 nam
1099 2840 1252 2901 scientiam
1267 2858 1300 2898 uo
1315 2842 1475 2923 parientem
1491 2843 1644 2914 designem
1658 2830 1833 2923 doommqm.

132 2945 187 2987 nuo
197 2929 382 3004 lungendqm
398 2935 443 2988 est
458 2931 670 3004 superioribus.
685 2932 760 2991 Nam
776 2931 866 3007 siper
891 2951 956 2994 ear·
1011 2930 1261 3003 Quindecimsunt
1271 2922 1550 3006 psalmorum'oeiil,
1562 2931 1613 3004 qui
1623 2920 1835 3007 utribulatione

133 3034 200 3076 nem
216 3024 245 3075 et
260 3018 434 3094 sanguinem
450 3019 575 3094 apostoli
591 3026 690 3079 essent
703 3020 884 3095 intelligendi
895 3023 956 3079 fru-
1011 3018 1159 3087 inchoant,
1177 3019 1375 3093 pertingentes
1385 3019 1420 3083 ad
1433 3018 1507 3085 atria
1517 3018 1835 3099 domuquominjfflue

133 3112 193 3166 atra
207 3107 365 3165 subderet:
380 3110 472 3181 Neque
484 3112 550 3166 veni
561 3110 772 3185 ierosolymam,
788 3115 843 3168 ete.
854 3113 955 3169 Atten-
971 3106 993 3175 G
1011 3106 1099 3164 etiam
1115 3097 1292 3180 quindecim
1310 3104 1399 3163 babet
1412 3107 1534 3181 gradus.
1547 3096 1730 3191 Solemni'tas
1748 3109 1837 3183 etiam

133 3196 262 3253 dandum
279 3202 323 3254 est
339 3197 524 3279 eutequuia
538 3205 598 3255 bec
613 3198 742 3256 narratio
753 3201 900 3259 contraria
914 3200 956 3258 vi·
1011 3196 1156 3267 Dominio
1170 3196 1272 3271 quinto
1287 3195 1400 3252 deoimo
1415 3194 1463 3254 die
1478 3195 1708 3277 inchoetiinaqi.
1719 3199 1833 3279 quatit

134 3285 318 3342 deturbare
334 3278 507 3343 narrationi.
524 3286 622 3344 Refert
637 3287 716 3345 enim
731 3289 797 3360 (Act.
816 3307 854 3354 τι,
867 3291 896 3358 5,
922 3291 958 3345 26
1011 3285 1046 3342 lit
1061 3284 1122 3359 regi
1138 3282 1265 3343 lineabis
1282 3278 1449 3356 quindecim
1465 3282 1543 3365 ancti
1567 3276 1638 3353 sunt
1663 3285 1744 3357 anni,
1761 3287 1832 3361 (iret

132 3374 201 3446 seq.)
217 3373 288 3446 quie
302 3378 460 3447 postquam
476 3374 662 3432 illuminatus
672 3374 849 3435 fiducialiter
858 3377 917 3452 egit
926 3379 957 3436 in
1011 3390 1129 3442 xxxviii,
1146 3372 1185 3435 5).
1201 3370 1313 3437 Quibus
1328 3371 1469 3447 exemplis
1484 3376 1629 3441 saeratae,
1642 3378 1832 3449 monstretur.

133 3459 290 3529 Damasco,
308 3476 444 3518 reversus
459 3467 504 3519 est
516 3462 546 3518 in
561 3463 736 3534 Jerusalem,
748 3469 777 3521 et
786 3467 920 3525 tentabat
927 3482 959 3523 se
1012 3461 1087 3535 Ergo
1102 3459 1418 3531 boenumerodierum‚
1429 3460 1539 3537 quibua¹
1549 3454 1834 3538 mansitapudprin·

134 3548 288 3621 discipulis
300 3549 434 3624 jungere,
452 3553 480 3607 et
495 3554 675 3625 ceteraque
691 3553 727 3609 de
742 3569 776 3609 eo
791 3552 832 3609 ibi
856 3553 959 3629 legun·
1013 3550 1107 3624 eipem
1121 3549 1291 3623 Apostolus,
1306 3550 1435 3629 perlaeta
1458 3549 1554 3625 ipsius
1575 3538 1771 3627 monstratur,
1786 3552 1833 3615 dca-

133 3641 193 3692 tur.
209 3634 319 3694 Verum
335 3652 371 3694 ne
386 3638 567 3694 contrarium
583 3639 724 3713 videatur,
740 3640 802 3698 ilari
810 3643 906 3715 potuit
917 3647 959 3713 ut,
1014 3637 1117 3695 ctrina

135 3741 204 3783 oum
215 3723 962 3801 illuminatusinaDmaseotlducinlitsregisset,orta
1050 3730 1159 3783 Verum
1175 3743 1212 3783 ne
1224 3725 1334 3784 dicaret
1349 3725 1456 3802 eliquia
1482 3726 1560 3801 quit.
1575 3727 1600 3785 si
1617 3743 1677 3795 nvn
1699 3727 1843 3803 diditilm.

136 3813 277 3870 advorsus
288 3815 576 3887 eumpemecutione,
587 3833 721 3875 reversus
731 3817 962 3877 tuissetlernsa·
1016 3815 1110 3886 Petro,
1126 3815 1229 3872 didicit
1242 3818 1344 3885 tamen
1358 3814 1395 3871 ab
1411 3815 1489 3885 aliis,
1501 3806 1569 3883 ideo
1590 3831 1664 3893 nrex¹
1683 3804 1842 3901 adqugi'tr,

134 3900 204 3974 lem,
220 3918 279 3959 non
292 3906 325 3958 ut
338 3903 447 3960 videret
463 3903 621 3978 apostolos,
639 3906 690 3962 sed
706 3900 962 3968 utvitaretinimi·
1014 3905 1109 3977 Alium
1122 3905 1307 3976 apostolorum
1321 3904 1379 3971 vidi
1392 3907 1541 3973 nemiuem.
1556 3898 1593 3961 At
1606 3921 1675 3963 vero
1692 3921 1754 3977 qap
1775 3903 1843 3985 quit,

135 4007 236 4049 aarum
253 3992 408 4064 impetum,
425 3992 511 4065 quasi
526 3993 562 4050 ad
579 3995 666 4051 eliam
681 3997 854 4075 confugiens
865 3999 962 4056 eivita-
1015 3991 1196 4066 contemptui
1211 4010 1261 4049 eos
1275 3991 1390 4064 habuit,
1402 3991 1524 4051 minime
1534 3991 1617 4060 vidit,
1628 3995 1835 4077 sedqqiqpuuf

135 4085 206 4137 tem.
217 4080 359 4152 Sive‚orta
369 4082 582 4154 persecutione,
594 4082 763 4157 relinquens
773 4086 961 4157 Damascum,
1016 4100 1049 4138 sa
1063 4081 1279 4155 evangelizandi
1292 4082 1356 4154 jam
1373 4081 1497 4155 dispersi
1512 4085 1606 4139 erunt.
1623 4076 1728 4149 Causa,
1741 4087 1843 4167 aqtsm.

136 4168 251 4226 obiitin
267 4169 426 4239 uraniam
444 4172 494 4229 sea
510 4188 578 4228 eum
605 4172 645 4249 ina
671 4173 744 4228 nina
768 4175 891 4247 dignum
915 4177 961 4233 sut
1015 4170 1132 4226 videndi
1147 4160 1836 4257 iacobumhacsuttquaaapamiarum·

136 4256 318 4329 apostolatus
334 4258 443 4330 egisset
458 4260 588 4331 (propter
603 4262 679 4331 quod
695 4267 725 4317 et
738 4262 831 4319 Lucas
843 4281 963 4322 narrare
1016 4264 1064 4315 tus
1079 4263 1141 4315 erui
1156 4257 1314 4331 episcopus
1339 4256 1540 4333 Jer0⁸⁰llmi⁸·
1552 4252 1694 4317 'Fratrem
1719 4250 1835 4331 maini,

136 4346 259 4415 omisit),
275 4363 408 4415 reversus
424 4346 462 4403 sit
472 4347 661 4405 Damascum.
679 4349 760 4414 Quod
777 4357 875 4413 autem
887 4353 961 4411 nihil
1017 4365 1074 4404 non
1089 4348 1254 4405 seeundum
1270 4347 1421 4409 hereticos
1432 4347 1647 4422 fitiunlueenh
1659 4354 1844 4422 anabastra.

136 4434 259 4509 dignum
274 4426 510 4509 in'arabtaagie
528 4451 585 4492 uon
602 4437 726 4510 pigritia
738 4440 804 4508 tuit,
816 4442 866 4498 sed
887 4443 961 4498 divi·
976 4470 1000 4535 D
1017 4437 1172 4495 Dominum
1188 4436 1339 4503 subierit,
1354 4435 1400 4495 xel
1415 4453 1455 4507 aa⁴
1474 4435 1686 4517 ateramum
1703 4426 1845 4513 genitam.

137 4522 428 4596 nedispensationis,
441 4525 518 4597 quod
531 4525 699 4598 prohibitus
710 4532 962 4600 est,quemadmo·
1016 4525 1178 4599 intelligere
1193 4525 1345 4592 dommus,
1361 4525 1412 4581 ⁸0d
1428 4542 1509 4582 more
1527 4518 1763 4599 Ssst‘iliitifflltffl.
1777 4543 1838 4584 ⁰⁰¹¹·

137 4613 293 4669 dumcum
318 4612 405 4669 vellet
431 4628 550 4685 pergere
579 4614 679 4671 Asiam
704 4616 772 4684 (Act.
800 4634 858 4685 avr,
878 4618 905 4687 6,
921 4619 960 4691 7).
1017 4613 1190 4686 sanguinem
1206 4612 1300 4686 ipsius
1319 4612 1448 4671 Domini.
1464 4612 1498 4669 Dt
1515 4602 1837 4691 cateridiscipnl'tlre·

137 4694 247 4758 Deinde
257 4698 362 4759 multia
372 4700 477 4760 diebus
488 4701 613 4775 paractis
624 4702 654 4759 in
665 4704 819 4774 Damasco.
831 4722 904 4779 quos
915 4707 962 4764 hie
1016 4707 1075 4759 tras
1091 4700 1202 4758 Domini
1219 4701 1304 4775 (845).
1321 4701 1403 4765 Unde
1417 4701 1500 4776 ipse;
1519 4704 1570 4779 ile,
1595 4700 1681 4765 uuae
1700 4704 1837 4783 staini&

138 4841 449 4916 peccet(quodtamen
465 4842 560 4899 theolo
606 4847 826 4921 augustinianae
842 4853 962 4907 senten·
1016 4846 1066 4902 boc
1078 4854 1126 4910 000,
1139 4844 1174 4900 rel
1183 4861 1234 4900 aaa
1257 4847 1351 4913 uinea
1362 4846 1558 4917 et-paetouem
1582 4845 1702 4915 cerati,
1712 4846 1840 4915 Credunt

137 4915 183 4969 tie
199 4919 428 4997 consentaneum
458 4860 591 4999 Urebant&
606 4933 642 4972 ne
670 4917 782 4975 seilicet
804 4919 850 4977 val
870 4920 959 4977 mini·
1016 4916 1108 4989 aliqui
1120 4918 1206 4989 juxta
1234 4863 1309 4999 gano
1337 4915 1439 4973 urbem
1467 4916 1673 4989 ebelairalre
1691 4920 1836 4987 occisum.

138 5000 222 5067 mum
235 4985 325 5069 adiu
340 4931 507 5063 Augurium,
517 5003 606 5058 quam
615 4987 643 5042 in
654 4990 884 5058 precedentibus
896 4997 916 5046 44
938 4993 961 5047 i·
1016 5004 1107 5060 quare
1121 5004 1155 5044 ex
1170 5003 1314 5060 sanguine
1323 4986 1393 5043 Abel
1405 4987 1468 5045 loco
1480 5005 1587 5047 nomen
1597 4988 1838 5067 inpositaque

138 5055 222 5113 stolis
238 5066 357 5115 omnino
372 5056 524 5130 amplexus
539 5062 593 5124 est,
604 5061 749 5117 sententia
761 5060 873 5121 descire
882 5009 960 5123 viia·
1016 5077 1148 5116 maecum
1167 5059 1265 5133 :quod
1281 5060 1311 5114 in
1326 5058 1445 5115 Hebrao
1459 5060 1621 5127 Dum-saep
1637 5077 1839 5144 septumum·

138 5133 231 5184 retur.
1016 5131 1114 5205 guinis
1130 5131 1316 5196 referattlua
1331 5134 1429 5203 umen
1440 5130 1682 5205 minoraretur
1695 5130 1833 5203 videdat

174 5200 248 5277 (839)
264 5203 339 5258 Anto
365 5200 547 5273 .consuqerot
559 5200 709 5259 aemulator
721 5209 906 5276 etreparatua.
1050 5202 1116 5273 (842
1139 5203 1172 5258 ln
1187 5208 1286 5275 autog.
1302 5217 1395 5275 marg,
1412 5200 1460 5264 hic
1475 5200 1584 5279 legitur
1601 5219 1670 5277 cap.
1684 5202 1732 5263 vi.

157 5215 614 5354 ·(elo)Divusqlieronymusboe
625 5270 959 5345 exemplumaddueens,
1050 5272 1114 5345 (842
1133 5273 1141 5345 )
1158 5273 1427 5357 interpretationem
1444 5272 1521 5341 bano
1534 5291 1551 5331 a
1565 5272 1635 5343 diva
1659 5268 1850 5353 Hieronymo.¹

138 5345 179 5395 avt
195 5356 201 5393 ε
220 5343 486 5419 lanceationem
497 5342 624 5399 Obruta:
642 5342 765 5401 sortasse
780 5343 958 5418 legendum:
1015 5343 1119 5401 desum
1141 5350 1180 5399 sit
1194 5350 1296 5403 auctor
1310 5348 1418 5405 noster.

138 5408 312 5488 illuminatus
326 5414 478 5496 Apostolus,
498 5416 534 5496 ab
550 5412 754 5470 revelationem
784 5415 900 5474 Cbristi.
927 5418 959 5475 ln
1051 5361 1326 5487 (Slifltesideratur
1343 5415 1480 5483 carmina,
1505 5416 1594 5486 quod.
1607 5417 1787 5495 vocabulum
1805 5417 1836 5489 in

138 5480 237 5536 codice
251 5484 455 5565 compendiose
470 5483 578 5561 legitur
590 5485 663 5557 Apta.
674 5484 790 5543 Videsis
805 5487 904 5546 lactor.
1014 5484 1071 5542 divi
1088 5487 1255 5570 Hieronymi
1272 5485 1508 5560 interpretatione
1531 5490 1655 5563 prostat.
1760 5487 1764 5499 '

173 5548 246 5625 (841)
261 5550 350 5613 Divus
364 5554 575 5632 Hieronymus:
592 5571 716 5615 reversus
730 5560 767 5615 eet
781 5559 957 5637 Damascum,
1050 5558 1124 5633 )845)
1139 5557 1331 5634 subintellige
1344 5558 1534 5633 appellantur.
