3908 6096
125 312 185 374 eur
604 322 637 385 S.
658 324 858 389 naunouls
881 325 1138 390 cotoniensis
1161 328 1348 391 urutoul.
1777 322 1831 386 988

9 462 12 468 Δ
125 445 298 502 universalis
309 446 441 505 Ecclesie
452 451 545 509 multa
560 471 679 526 precum
693 459 825 527 redditio,
840 458 947 515 elemo·
962 464 990 530 Α
1039 461 1076 515 lle
1091 462 1229 518 miraculo
1243 461 1313 534 quod
1334 463 1364 517 in
1378 476 1455 517 eterra
1475 457 1591 515 llomini
1612 457 1733 527 centeii
1745 459 1781 510 ad
1793 472 1828 511 se·

126 535 948 608 syriarumdistributio,omnimodasalubriumvotorum
1001 549 1130 622 pulcrum
1158 550 1226 623 ejas.
1246 551 1288 606 Na
1310 566 1361 606 vos
1389 548 1477 606 lateat
1505 545 1700 610 miraculum,
1711 546 1788 616 quod
1803 547 1827 600 in

125 622 243 694 oblatio,
262 629 352 682 Deum
375 629 574 689 indesinentur
598 635 804 693 sollicitaverit.
821 639 856 694 ut
876 638 948 699 ille:
1003 653 1086 693 coeua
1107 639 1222 695 Domini
1251 639 1383 712 contigit,
1399 638 1502 694 vesirae
1531 633 1670 692 charitati
1699 633 1827 690 iutimare

123 731 137 759 a
154 712 238 778 Vera,
254 712 361 785 iuquit,
372 733 450 789 vera,
466 721 565 792 trater,
577 740 800 793 commemoras,
815 726 950 800 sciasque
1003 725 1224 799 disposui.Cum
1237 745 1322 784 maus
1336 727 1575 784 convenissemus
1583 726 1702 781 oratum
1716 724 1826 795 pariter,

61 837 64 841 ,
121 796 213 854 Deum
229 801 363 860 delectari
381 807 409 861 iu
433 810 568 879 precibus
584 813 713 870 fidelium
730 833 781 887 pro
798 832 843 871 me
864 817 952 881 susis..
1003 815 1126 887 ingessit
1140 833 1172 873 se
1187 818 1249 889 pari
1270 817 1422 874 devotione
1443 815 1587 888 quedam,
1599 817 1636 869 ut
1649 817 1761 868 oraret.
1773 811 1828 866 Hac

119 886 160 942 bx
175 890 364 959 quibusdum
381 898 506 967 gratiam
520 903 660 975 consequi
676 904 950 972 debueramasau-
1004 904 1205 976 quinquennio
1221 922 1328 961 manus
1351 905 1523 960 infirmitate
1547 901 1744 970 laboraverat,
1761 904 1793 955 ut
1805 900 1829 954 in

119 981 165 1031 cto
181 977 316 1037 Bruuone
332 985 457 1056 graviter
473 988 625 1060 impedior.
646 992 839 1049 Obstateuim
857 995 951 1050 multa
1004 992 1418 1067 palmemedioiufigereutur
1439 993 1494 1049 sibi
1519 991 1683 1064 digitorum
1711 990 1831 1045 summi·

118 1066 278 1136 queritans
294 1071 424 1140 adversa,
436 1076 546 1148 quibus
559 1079 711 1153 miserego
727 1081 802 1137 hauc
817 1089 949 1138 sanctum
1003 1085 1087 1137 tates.
1105 1083 1169 1138 Mox
1181 1088 1212 1138 ut
1222 1083 1379 1156 prostravit
1390 1098 1421 1138 se
1432 1079 1566 1154 sepulcro
1576 1079 1673 1136 sancti
1690 1079 1832 1134 Bruuouis

117 1156 203 1210 nocui
221 1163 474 1233 congregationem
487 1184 493 1233 ;
510 1184 557 1223 sec
568 1168 623 1224 sibi
639 1171 823 1226 satisfactum
836 1189 887 1243 pru
903 1172 948 1237 iis,
1004 1170 1227 1244 archiepiscopi,
1239 1177 1357 1228 extense
1369 1187 1459 1227 mauu
1472 1170 1632 1226 acuitatem
1649 1167 1790 1223 obtinuit.
1801 1166 1832 1220 lit

121 1258 174 1299 uec
186 1245 275 1318 digna
286 1266 337 1320 pro
349 1252 461 1311 meritis
474 1272 519 1312 me
531 1258 675 1332 recepisse
690 1262 820 1332 opponit.
834 1266 888 1316 Pro
903 1279 949 1317 so·
1004 1275 1041 1313 ue
1055 1260 1188 1317 videatur
1211 1261 1308 1326 inane,
1324 1260 1473 1316 cicatrices
1496 1257 1659 1331 jacentium
1675 1255 1830 1328 digitorum

121 1330 158 1387 lis
173 1350 241 1406 ergo
256 1338 338 1394 vobis
362 1340 503 1398 hacteuus
519 1345 589 1399 mibi
607 1353 710 1417 negata
724 1354 769 1404 est
782 1350 875 1406 venia.
886 1371 900 1398 »
916 1344 951 1405 El
1004 1350 1128 1419 probant
1143 1350 1305 1406 manifeste.

123 1426 223 1479 custos
236 1442 259 1480 :a
274 1426 312 1481 Mi
328 1429 456 1501 domine,
468 1432 519 1499 ait,
531 1433 554 1489 si
566 1435 705 1491 omuibus
717 1436 763 1503 iis,
776 1453 839 1508 quse
854 1455 950 1510 prose-

121 1515 209 1567 cutus
225 1529 267 1579 es,
279 1515 352 1572 fides
368 1518 534 1577 adhibenda
551 1527 605 1590 est,
618 1523 702 1579 uobis
718 1526 788 1597 quid
799 1526 833 1561 ⁶⁸⁰
848 1527 883 1582 de
898 1526 949 1601 tali

118 1605 363 1669 presumendum
379 1612 424 1663 est
443 1611 655 1680 parenorius
672 1612 720 1668 ille
737 1630 762 1668 z«
776 1615 883 1687 Magni,
897 1616 948 1684 ait,

119 1687 216 1742 meriti
234 1687 312 1747 buno
327 1694 404 1765 apud
426 1696 611 1755 altissimum
632 1701 718 1773 scias,
731 1707 760 1758 et
774 1719 839 1760 vere
855 1704 950 1775 provi·

118 1790 215 1832 sorem
227 1783 258 1834 et
267 1780 474 1852 dispositorem
483 1788 615 1845 omnium
626 1805 689 1862 que
697 1791 848 1848 vobiscum
860 1809 950 1866 agun-

118 1866 177 1919 tur.
189 1866 263 1922 Nam
288 1868 385 1926 locum
410 1873 501 1930 istum
518 1880 546 1932 et
561 1877 665 1935 iratres
681 1880 766 1952 quasi
781 1898 798 1937 a
812 1882 870 1937 Deo
892 1880 948 1938 sibi

122 1955 263 2011 creditam
277 1961 408 2030 possidet
418 1963 570 2034 lamiliam,
583 1972 673 2040 utque
684 1970 844 2026 advocatus
855 1979 950 2027 vester

118 2041 196 2099 iuter
219 2062 269 2102 vos
294 2048 465 2122 frequenter
486 2060 631 2123 versetur,
652 2062 758 2113 cuncta
781 2058 897 2115 ordinat
924 2064 952 2116 et

122 2131 263 2204 disponit.
281 2140 315 2192 ut
329 2140 469 2211 quoniam
486 2141 542 2214 ipsi
559 2144 594 2200 de
609 2145 692 2201 vobis
708 2162 777 2202 cura
791 2152 846 2215 est,
862 2148 950 2204 mise·

119 2221 275 2281 ricordium
289 2227 403 2301 llagito;
418 2232 521 2287 vestris
532 2249 621 2305 super
632 2250 677 2288 me
688 2236 823 2307 precibus
836 2253 951 2293 movea-

119 2312 287 2372 tortellas
308 2317 393 2388 plura
414 2319 453 2376 iis
478 2320 604 2389 locutus,
625 2323 821 2394 subtrabitur,
851 2329 950 2381 custos

117 2400 208 2456 etiam
225 2402 280 2459 sibi
296 2407 437 2464 redditur.

153 2491 220 2546 llcm
233 2493 267 2548 de
278 2497 377 2552 eodem
389 2499 518 2555 Bruaorre
531 2500 749 2575 archiepiscopo.
763 2503 860 2576 Magni
871 2503 949 2558 euim

119 2579 216 2635 meriti
233 2584 310 2654 apud
327 2589 419 2640 Deum
440 2588 544 2644 beatus
567 2589 664 2645 Bruno
679 2607 743 2646 esse
758 2591 949 2664 dignoscitur·

117 2666 191 2722 Nam
208 2670 380 2743 quicunque
395 2674 424 2729 iu
440 2681 585 2746 quartana
595 2678 639 2733 vel
650 2679 774 2734 tertiana
790 2679 912 2749 laborat,
925 2679 950 2734 si

118 2756 154 2811 ad
172 2757 340 2828 sepulcrum
364 2761 429 2832 ejus
453 2764 556 2820 devoto
581 2767 667 2822 corde
691 2768 856 2835 accesserit,
872 2772 900 2822 et
914 2769 950 2823 de

120 2844 210 2901 calice
235 2846 285 2919 qui
312 2850 378 2919 ejus
405 2853 514 2923 pectori
544 2854 748 2927 superpositus
769 2855 799 2911 iu
815 2855 949 2928 sepulcro

1040 1438 1136 1493 Bruuo
1151 1439 1301 1510 pacificus,
1317 1438 1417 1495 eterni
1436 1437 1514 1510 regis
1528 1434 1655 1504 amicus,

1039 1528 1080 1583 Te
1089 1527 1123 1564 ⁸⁸¹
1141 1528 1224 1595 duce,
1237 1533 1355 1600 pastore
1368 1531 1398 1585 et
1412 1531 1523 1583 recture
1537 1524 1661 1582 Getonia
1673 1524 1792 1596 gaudet.

1039 1618 1111 1670 Cum
1126 1616 1200 1671 duce
1211 1616 1398 1687 maiestasct
1407 1629 1473 1671 cum
1485 1614 1559 1668 duce
1568 1612 1675 1684 regnat
1684 1609 1828 1678 honestas,

1040 1703 1099 1758 Sub
1115 1704 1188 1759 duce
1203 1719 1259 1777 pax
1274 1707 1357 1775 grata
1371 1700 1473 1759 multis
1488 1705 1517 1757 et
1530 1700 1616 1757 cuna
1630 1699 1703 1767 lata,

1041 1791 1073 1847 ln
1089 1793 1161 1848 duce
1176 1792 1222 1848 lex
1236 1792 1316 1848 culta
1328 1791 1406 1863 uiget
1420 1795 1449 1847 et
1464 1788 1608 1861 sapientia
1623 1785 1730 1842 multa.

1039 1880 1112 1936 Cum
1128 1881 1201 1937 duce
1217 1882 1344 1952 majores
1359 1883 1428 1936 suut
1442 1883 1471 1935 et
1484 1877 1618 1950 plerique
1633 1876 1776 1940 minores,

1039 1969 1099 2025 Sub
1115 1969 1189 2026 duce
1205 1971 1364 2042 prudentes
1377 1971 1571 2026 versanturet
1586 1964 1775 2038 insipientes,

1041 2059 1076 2114 ut
1090 2059 1194 2115 merito
1208 2075 1275 2115 vere
1291 2058 1347 2114 scit
1365 2073 1513 2130 quemque
1526 2056 1668 2111 decenter
1681 2052 1797 2108 babere.

1041 2148 1158 2203 Tractat
1173 2147 1332 2203 clementer
1345 2145 1483 2212 humiles,
1494 2144 1675 2214 timidosque
1693 2146 1827 2213 potenter.

1040 2237 1140 2292 Clerus
1157 2235 1320 2292 bonoratur
1334 2235 1370 2291 ab
1385 2251 1432 2302 eo,
1447 2232 1634 2307 populusque
1644 2235 1782 2302 juvatur,

998 2389 1003 2396 ,
1040 2324 1153 2381 Attollit
1168 2325 1268 2396 plenos
1283 2324 1399 2397 opibus,
1416 2323 1529 2379 solatur
1543 2336 1669 2393 egenum

1040 2412 1084 2468 Nil
1101 2414 1213 2485 patitur
1228 2429 1366 2485 nequam,
1378 2413 1429 2468 sed
1444 2413 1538 2484 legem
1551 2409 1676 2466 discutit
1692 2423 1812 2479 equam.

1040 2500 1162 2558 Delicias
1178 2503 1279 2573 nescit,
1292 2501 1342 2573 qui
1358 2517 1416 2557 nou
1431 2502 1487 2557 sub
1502 2516 1536 2555 eo
1552 2497 1722 2570 requiescit.

1039 2591 1112 2646 Cum
1128 2591 1201 2647 duce
1214 2589 1374 2645 multarum
1390 2593 1461 2645 sunt
1474 2586 1583 2661 gaudia
1597 2585 1780 2641 diuitiarum.

1041 2679 1100 2735 ilco
1116 2679 1262 2750 siquidem
1273 2682 1365 2750 juste,
1381 2678 1452 2750 quia
1463 2676 1665 2750 dispensando
1679 2679 1798 2730 venuste

1039 2767 1102 2823 Nou
1118 2766 1186 2824 illas
1200 2766 1287 2835 celat,
1303 2766 1399 2823 sedin
1414 2766 1461 2838 ils,
1477 2771 1509 2821 ut
1524 2763 1628 2838 prosit,
1645 2762 1774 2819 anhelat.

1041 2856 1091 2911 Isti
1107 2860 1177 2911 sunt
1192 2871 1299 2924 mores,
1311 2855 1420 2928 quibus
1434 2853 1591 2926 aequisivit
1605 2852 1748 2918 bonores,

120 2933 186 3004 fuit,
202 2951 254 3007 per
268 2941 327 2993 tres
342 2940 496 2997 continuos
510 2941 573 2998 dies
593 2944 709 3011 biberit,
726 2946 791 3016 eJus
805 2945 917 3002 meritis
933 2961 949 3001 a

119 3022 178 3080 Deo
194 3026 380 3083 sanctitatem
395 3045 426 3085 se
441 3031 606 3103 percepisse
620 3034 768 3106 gaudebit.

1041 2949 1096 3000 Per
1110 2961 1184 3017 quos
1198 2949 1227 3000 et
1241 2949 1339 3017 captat
1353 2944 1409 3001 sibi
1423 2943 1522 3016 plures
1537 2947 1627 3014 atque
1642 2946 1770 3013 coaptat.

1040 3033 1148 3102 Latus,
1165 3050 1222 3089 nou
1239 3032 1342 3103 tristis,
1355 3047 1470 3104 semper
1484 3031 1624 3105 perduret
1638 3028 1669 3087 iu
1687 3028 1805 3085 istisffi.

796 3131 920 3188 VARIAE
939 3131 1147 3188 cucurbitus.

154 3211 189 3246 ⁸⁸⁰
203 3211 347 3286 uobisque
361 3232 384 3272 e.
423 3216 456 3254 ⁸⁸¹
473 3218 519 3273 lile
533 3219 590 3276 cod.
628 3220 664 3256 ⁸⁵¹
678 3222 723 3278 tte
735 3229 888 3294 sequenter
910 3223 939 3277 in
965 3220 1056 3278 codice
1071 3221 1127 3276 dno
1140 3235 1236 3276 uersus
1251 3218 1391 3276 :Arborei
1407 3217 1494 3275 flores
1508 3216 1669 3290 designaut
1683 3216 1767 3273 orbis
1782 3214 1830 3269 bo-

119 3297 216 3340 nores.
233 3284 270 3340 Ut
283 3291 407 3358 pereunt
421 3288 517 3354 liores,
533 3298 656 3363 pereunt
678 3293 720 3350 sio
734 3294 814 3349 orbis
837 3294 973 3350 bonores.
988 3292 1040 3349 Sed
1053 3301 1180 3364 apparet,
1197 3294 1228 3347 in
1242 3291 1342 3360 codice,
1358 3290 1432 3346 ande
1444 3295 1541 3346 cosm
1553 3289 1710 3361 deeriptm
1725 3297 1775 3353 est,
1789 3301 1830 3341 cot

119 3354 153 3410 ol
168 3354 231 3412 clio
246 3358 276 3412 iu
291 3358 349 3415 leco
363 3376 449 3416 uacuo
464 3361 568 3419 eddius
581 3366 680 3434 luisse,
694 3377 724 3421 ut
737 3381 807 3436 sepe
820 3367 851 3436 fil
866 3368 897 3422 in
911 3364 1065 3426 codicibus:
1081 3365 1170 3420 nestri
1183 3365 1313 3436 scriptor,
1327 3362 1540 3434 diligentissime
1553 3363 1649 3418 omniu
1663 3361 1829 3424 asurim·

119 3441 206 3498 neque
219 3428 265 3485 lies
280 3444 372 3487 versas
385 3433 544 3490 omittendos
558 3438 674 3506 puscit.
690 3436 880 3494 uelutillut.

127 3557 525 3578 Μ

669 3650 923 3739 DIPLOMA
969 3650 1277 3739 BRUNONIS.

253 3768 421 3850 Confirmat
434 3775 685 3837 commutationem
699 3774 812 3855 sortem
833 3777 911 3836 inter
934 3773 1152 3855 Werinsridum
1167 3772 1304 3836 abbatem
1319 3782 1347 3836 et
1365 3772 1539 3836 Woruerum
1556 3771 1705 3834 comitem.

159 3894 254 3950 Bruuo
269 3899 376 3951 sancte
388 3896 567 3955 coloniensis
578 3898 710 3954 Ecclesia
726 3900 806 3956 filius
816 3899 867 3956 Dei
883 3915 947 3972 gra·
964 3901 986 3969 c
1006 3903 1111 3956 nostre
1121 3916 1156 3955 ue
1167 3899 1195 3955 id
1209 3899 1290 3956 fieret
1299 3899 1408 3971 sepius
1418 3911 1615 3954 commonere.
1623 3896 1732 3969 ltaque
1742 3911 1836 3953 conve

124 3982 167 4038 tia
180 3984 419 4058 archiepiscopus
439 4002 589 4062 servorum
605 3987 666 4056 Dei,
677 3994 778 4044 notum
793 4004 857 4044 esse
871 3988 951 4044 volu·
1008 3988 1120 4044 uiantes
1136 3989 1166 4044 iu
1182 4004 1275 4043 unum
1285 3988 1363 4045 abba
1372 3987 1511 4060 prelatus
1520 3990 1550 4043 et
1558 3998 1659 4043 comes
1669 3985 1757 4043 dedit
1766 3986 1836 4041 idem

124 4078 266 4129 mustam
286 4075 953 4149 presentibusquameltuturis,quiaquidam
1008 4077 1205 4133 Werintridus
1234 4077 1310 4134 abba
1331 4077 1475 4133 Warnero
1501 4073 1603 4133 comiti
1632 4073 1717 4132 fideli
1744 4078 1837 4132 nostro

124 4160 280 4234 religiosus
290 4163 411 4219 abbaex
421 4166 764 4222 monasterioSlabulaus
774 4164 953 4223 etbtalmuu·
1008 4166 1151 4239 quidquid
1169 4165 1276 4223 habere
1292 4165 1445 4223 videbatur
1467 4165 1502 4220 iu-
1516 4162 1585 4220 villa
1599 4162 1695 4220 Note
1709 4163 1795 4227 dictu,
1809 4161 1836 4216 iu

122 4249 952 4320 dariaWariulridusuomiueadiitclemeutiamnostram,
1007 4271 1082 4329 pago
1096 4254 1247 4321 Heitleusi,
1264 4254 1293 4310 in
1306 4254 1447 4311 comitatu
1458 4251 1610 4326 uulpaoo,
1620 4250 1651 4308 id
1665 4255 1835 4308 calcamur

124 4353 177 4410 pro
191 4341 319 4412 quadam
335 4343 575 4409 commutatione,
591 4360 681 4416 quam
697 4344 805 4400 iecerat
820 4360 887 4400 cum
903 4360 953 4398 co·
1006 4343 1190 4400 bouamcum
1202 4340 1835 4414 casticiis,molendinisaquisaquarumqus

124 4426 195 4485 mite
211 4433 350 4486 Warusro
366 4430 444 4486 lideli
470 4436 623 4498 nostro‚et
638 4431 708 4503 quia
722 4434 824 4490 eedem
848 4449 953 4489 mona·
1008 4431 1192 4500 decursibus,
1202 4431 1334 4504 quesitis
1351 4436 1380 4487 et
1399 4428 1595 4502 inquirendis,
1615 4427 1763 4486 silvarum
1778 4444 1835 4484 ma·

123 4517 214 4573 steria
229 4519 286 4574 sub
308 4524 413 4575 nostre
433 4520 567 4577 tuitionis
582 4521 751 4578 defensioue
765 4525 859 4588 erant,
870 4520 954 4594 petiit
1007 4537 1096 4594 gnam
1112 4521 1237 4593 copiam,
1252 4519 1393 4577 familiam
1409 4518 1561 4591 utriusque
1576 4533 1679 4585 sexus,
1690 4522 1721 4574 st
1735 4520 1835 4574 celem

124 4606 259 4662 eamdem
274 4608 536 4667 commutationem
564 4615 664 4666 uestra
683 4611 854 4667 auctoritate
868 4610 953 4666 robo-
1008 4611 1045 4666 sd
1069 4610 1205 4666 eumdem
1231 4608 1329 4665 lucum
1344 4607 1576 4681 pertinentiabli
1599 4607 1672 4679 quia
1701 4604 1835 4664 monachi

124 4693 194 4748 rari.
208 4695 298 4766 Cujus
319 4699 464 4769 petitioni,
475 4700 544 4770 quia
555 4700 638 4770 justa
652 4704 724 4765 erut,
740 4699 910 4766 annuimus,
926 4704 955 4755 et
1008 4698 1128 4755 alterius
1144 4695 1323 4764 monasterii,
1334 4697 1363 4754 id
1378 4701 1424 4754 est
1438 4694 1835 4768 Malmuudarie,quamdam

125 4781 244 4838 utilitati
252 4785 384 4842 Ecclesiae
393 4787 877 4860 consuluimustlabebatnamque
885 4804 955 4860 pre·
1009 4793 1121 4862 partem
1136 4785 1283 4842 incudem
1298 4785 1366 4842 ville
1387 4785 1545 4856 habebant,
1561 4783 1692 4840 reddidit
1706 4784 1783 4840 abba
1796 4783 1834 4839 ei-

105 4923 108 4927 .
123 4872 221 4929 dictus
234 4890 331 4930 comcs
347 4881 446 4932 noster
461 4876 554 4933 fidelis
566 4877 653 4947 juxta
669 4877 880 4932 monasterium
893 4876 957 4932 Sto·
1009 4878 1076 4934 dem
1091 4874 1220 4933 ecclesie
1235 4876 1264 4931 in
1280 4892 1355 4949 pago
1365 4875 1540 4934 Condustrio
1557 4873 1657 4932 locum
1666 4874 1836 4948 quidicitur

124 4961 231 5019 bulaus
245 4963 404 5035 quamdam
427 4963 525 5020 villam
549 4965 594 5021 sui
612 4965 691 5034 jnris
704 4965 823 5021 nomine
839 4964 955 5034 batiae,
1009 4964 1135 5031 villain
1147 4963 1636 5022 comitutulioiovrmsusosboues
1646 4978 1718 5020 cum
1728 4961 1837 5021 familia

125 5067 213 5125 quam
221 5052 379 5126 sigifridus
389 5069 487 5109 comes
499 5058 531 5109 ut
545 5054 718 5127 acquireret,
729 5061 758 5110 et
768 5054 845 5126 apud
858 5071 911 5111 uos
926 5059 955 5111 et
1010 5053 1164 5127 utriusque
1178 5071 1276 5127 sexus,
1292 5053 1395 5112 silvam
1410 5054 1529 5122 bouem,
1544 5056 1573 5110 et
1587 5053 1747 5113 cetera‘ad
1760 5067 1835 5110 eam

125 5142 201 5215 apud
219 5141 319 5199 fideles
334 5147 451 5200 nostros
462 5141 509 5199 sui
524 5142 732 5201 intercessores
741 5142 825 5201 valde
839 5143 953 5200 labors-
1010 5143 1075 5200 dem
1091 5141 1189 5200 villum
1214 5143 1393 5216 appenditie.
1403 5143 1538 5201 Elocutus.
1551 5140 1633 5200 dedit
1656 5146 1836 5200 memoratus

125 5230 287 5303 baut,quod
299 5233 390 5288 abbas
407 5231 707 5300 audieus,etuimium
724 5233 783 5288 imo
799 5233 950 5289 immorta·
965 5268 990 5334 D
1009 5247 1106 5289 comes
1120 5232 1282 5289 Warnerus
1301 5249 1400 5290 eoram
1413 5232 1538 5289 testibus
1562 5230 1678 5289 idoneis
1693 5229 1833 5305 quidquid

126 5318 182 5373 lem
194 5319 527 5392 inquietudinemtltll-l)
539 5320 645 5376 timeus
656 5320 785 5389 loci,boc
795 5321 949 5377 consilium
1004 5322 1112 5378 babere
1126 5322 1282 5379 videbatur
1296 5321 1326 5378 in
1342 5320 1411 5378 villa
1422 5322 1485 5392 jam
1501 5319 1579 5377 dicta
1593 5319 1709 5378 llotdou
1723 5324 1832 5379 curwm

127 5412 187 5463 toto
203 5410 257 5465 uisi
275 5411 389 5466 studuit
405 5427 616 5483 preoccupare,
628 5415 656 5466 et
680 5425 765 5466 aures
790 5409 950 5467 clementie
1004 5411 1112 5467 bonam
1124 5410 1175 5466 sed
1184 5412 1219 5466 ab
1230 5408 1456 5466 hostibusvalde
1463 5408 1692 5482 vastatam,sgri
1702 5409 1829 5467 culturas

162 5533 253 5604 (tell)
262 5535 373 5607 Quippe
383 5536 496 5607 antiqui
508 5541 604 5607 patres
615 5537 785 5607 magnatum
796 5551 950 5606 procerum
1005 5535 1155 5590 ciuitatem
1170 5535 1301 5607 ipsorum
1322 5533 1352 5589 iu
1368 5532 1473 5606 primis
1493 5529 1695 5590 declinabant.
1706 5531 1791 5590 Unde
1803 5536 1829 5589 et

126 5606 178 5685 qui
193 5607 339 5663 consortia
352 5611 419 5664 ante
430 5607 529 5664 omnia
543 5606 707 5679 fugiebaut3
721 5613 810 5678 atque
824 5607 896 5664 adeo
908 5607 949 5663 vi·
1004 5607 1165 5664 horrendas
1187 5607 1223 5663 ad
1243 5604 1469 5663 inhabitandum
1484 5601 1661 5663 solitudines
1669 5603 1828 5680 sllgsbaut.
