3908 6096
122 285 162 351 ὅθ
554 292 604 356 aa
625 291 843 360 PRDSSURIS
865 293 1191 359 accenseamus.
1206 327 1246 342 -
1260 295 1361 360 PARS
1382 293 1408 357 l.
1790 281 1831 350 54

122 420 267 493 convenit,
284 424 495 496 perfectissime
516 425 697 494 intrusisset,
724 429 753 484 ia
770 430 826 485 fine
847 429 940 503 ipsius
956 437 983 505 Α
1002 433 1104 502 parant
1119 446 1150 486 se
1165 430 1224 499 isti,
1249 432 1317 502 quia
1330 445 1429 486 revera
1449 428 1670 501 persequentur,
1686 425 1715 482 et
1728 435 1831 497 perse«

122 512 269 571 sermonis
285 513 408 571 dixerit:
427 517 520 571 Omisit
528 518 578 587 qui
592 517 670 572 audit
685 520 766 573 uerba
780 535 841 574 mea
851 518 910 575 berec
923 524 950 575 ct
1004 523 1139 575 verantes
1155 519 1184 574 in
1201 521 1257 574 fine
1274 519 1396 575 lelioiter
1418 517 1645 574 coronabuntur.
1661 513 1746 570 Nullo
1761 530 1829 586 ergo

120 604 189 675 [ecit
204 618 246 672 cu,
263 604 470 660 assimilabitur
482 605 541 660 uiro
564 608 693 677 cupienti,
722 609 772 678 qui
800 608 950 678 aedificavit
1002 607 1032 662 in
1049 614 1179 679 tempore
1193 613 1299 664 sarretae
1316 608 1449 665 Ecclesiae
1464 606 1827 671 deficietlundamentum,

120 691 233 748 Mmum
246 708 327 748 suum
340 708 421 763 supra
441 702 559 764 petrum.
575 696 719 752 Descendit
732 696 842 769 pluuia,
857 706 883 754 et
901 714 950 754 ue·
1003 697 1143 768 quotidie,
1169 697 1227 753 Deo
1247 698 1365 769 gratias,
1391 696 1495 768 accipit
1520 696 1744 751 incrementum.
1769 692 1828 749 Neo

119 789 226 837 nerum
240 782 366 850 flumine,
391 783 568 852 attinuerunt
592 785 678 853 uenti,
708 794 734 842 ct
761 789 905 843 irruerunt
918 789 949 842 iu
1003 785 1126 842 deerunt
1141 786 1166 841 ei
1180 791 1388 857 persecutores,
1405 784 1536 841 fidelium
1550 783 1683 840 videlicet
1702 781 1825 838 saevissi-

119 870 234 926 dcmum
246 871 337 936 iilum,
362 872 388 924 ct
400 886 455 926 uon
470 873 591 929 cecidit:
605 875 722 945 tundata
741 876 813 931 euim
828 879 887 932 erut
902 893 949 931 su·
1003 875 1043 930 mi
1058 874 1241 945 laceratores,
1258 876 1308 947 qui
1318 891 1368 931 eos
1386 874 1566 946 postmultas
1576 871 1781 928 tribulationes
1791 868 1829 926 ad

116 975 175 1032 pra
194 963 304 1032 petram
326 958 430 1029 (lluttb.
447 978 497 1030 vu,
519 962 576 1034 et).
593 962 644 1018 Vir
659 963 737 1019 enim
757 963 805 1021 ille
820 966 948 1036 sapiens,
1003 969 1140 1020 aternam
1156 965 1304 1036 pervenire
1319 964 1426 1020 saciant
1440 962 1641 1019 felicissimam
1657 976 1827 1016 remunera·

119 1047 184 1121 ipse
198 1045 300 1119 procul
315 1045 405 1103 dubio
422 1054 467 1105 est
482 1050 517 1105 de
541 1068 599 1122 quo
615 1055 643 1107 et
663 1052 767 1108 beatus
785 1053 893 1110 Paulus
909 1053 950 1110 ait
1002 1053 1123 1109 tionem.
1136 1054 1310 1123 llujusmodi
1322 1053 1409 1109 etiam
1420 1052 1659 1109 verbaDominus
1669 1049 1826 1122 explanare

129 1135 297 1208 apostolus:
329 1137 456 1194 Clusinius
484 1140 535 1194 Dei
560 1142 661 1208 uirtus,
691 1145 718 1196 et
740 1143 790 1197 Dei
812 1146 948 1215 sapientie
1002 1144 1126 1210 videtur,
1153 1160 1220 1198 cum
1245 1143 1285 1198 ait
1310 1141 1467 1213 apostolis:
1499 1142 1564 1196 Ecce
1591 1141 1669 1196 mitto
1696 1142 1827 1197 ucesicut

121 1228 148 1299 (1
161 1226 220 1283 Cor.
236 1243 258 1295 1,
272 1228 338 1300 24);
355 1227 405 1299 qui
422 1229 494 1284 bene
504 1229 625 1284 domum
641 1247 737 1298 suam,
753 1232 839 1288 idest
852 1232 946 1288 liccle-
1002 1248 1061 1288 oues
1085 1236 1114 1287 in
1129 1232 1218 1288 medio
1232 1233 1380 1304 luporum:
1402 1234 1481 1286 estote
1503 1245 1565 1301 erpo
1587 1229 1733 1300 prudentes
1755 1230 1825 1284 suut

119 1315 354 1388 alamanniam,
372 1317 408 1372 de
432 1332 491 1388 qua
515 1317 577 1388 ipse
601 1317 670 1375 alibi
702 1321 878 1377 ait:Dcmus
889 1338 950 1377 meu
1002 1330 1150 1393 serpentes,
1167 1330 1193 1376 et
1206 1322 1343 1392 simplices
1365 1322 1438 1376 sicut
1451 1320 1582 1376 columbae
1597 1319 1706 1389 (Mutet.
1724 1335 1753 1385 a,
1770 1318 1826 1386 16),

121 1405 530 1461 demutorntienicuocaditur
550 1407 949 1483 (Ltcc.x1x,l6),superpe·
1003 1416 1059 1466 etc.
1088 1411 1185 1481 Usque
1215 1411 1251 1465 ad
1282 1409 1377 1466 illud:
1417 1411 1470 1478 Qui
1494 1412 1587 1464 eutem
1612 1408 1826 1478 perseveraverit

121 1497 199 1549 tram
220 1493 519 1560 edificavit-scilicet
543 1512 634 1567 supra
653 1499 856 1570 semetipsum,
872 1500 949 1555 sicut
1002 1501 1133 1570 usquein
1161 1500 1253 1569 finem,
1277 1500 1321 1553 laic
1348 1500 1440 1554 suiuus
1466 1499 1518 1554 crit
1547 1496 1658 1568 (diutili.
1687 1513 1744 1566 xiv,
1769 1497 1824 1568 13).

121 1581 242 1639 etidem
262 1581 334 1638 dicit
355 1582 534 1655 Apostolus:
558 1588 644 1640 Petra
666 1589 759 1642 eutem
782 1591 843 1643 erat
868 1588 949 1643 curt·
1003 1585 1025 1641 li
1041 1584 1141 1657 procul
1167 1585 1255 1641 dubio
1284 1591 1367 1642 erant
1386 1587 1493 1642 domus
1522 1584 1582 1652 illa,
1607 1582 1735 1639 Ecclesia
1759 1582 1825 1654 qui·

120 1672 222 1743 stus(l
241 1670 305 1727 Cor.
333 1689 362 1743 a,
392 1671 429 1743 l).
447 1672 481 1728 llt
508 1672 597 1730 alibi:
622 1676 852 1732 Fundamentum
870 1677 949 1733 uliud
1003 1676 1080 1743 dem,
1105 1692 1167 1746 que
1193 1674 1282 1730 variis
1306 1674 1546 1730 fluctuationibus
1570 1689 1712 1730 concussa
1735 1688 1826 1743 supra

120 1763 302 1832 nemepeteet
323 1776 423 1832 ponae
444 1763 634 1833 preterittud
660 1765 729 1836 quod
751 1767 873 1837 positum
896 1775 946 1838 eat,
1003 1770 1115 1837 petram
1144 1770 1243 1821 tamen
1277 1765 1429 1832 edificata,
1454 1781 1513 1819 non
1541 1769 1586 1819 est
1615 1761 1742 1833 repulsa,
1772 1762 1823 1818 sed
1915 1755 1920 1759 ’

122 1849 251 1921 quodeat
272 1849 396 1906 Christus
419 1851 497 1906 ‚lesus
520 1850 541 1922 (l
566 1850 757 1921 Cor.,1ull).
778 1856 874 1927 Huius
896 1855 948 1910 do·
1001 1852 1031 1906 in
1061 1852 1129 1908 fidei
1164 1852 1303 1923 perdurat
1329 1852 1501 1908 constantia.
1533 1852 1592 1907 lloc
1619 1867 1736 1923 quoque
1767 1848 1824 1922 ipsi

123 1953 191 1993 mue
206 1937 452 2009 pressuraaidem
477 1939 617 1996 Dominus
645 1943 857 2014 pronuntians,
882 1960 949 2000 mox
1003 1940 1097 1998 saneti
1119 1939 1256 2012 apostoli,
1272 1941 1425 2012 ceterique
1441 1945 1611 1998 sanctarum
1630 1938 1828 1996 Ecclesiaruna

124 2026 250 2098 adjecit:
289 2026 430 2083 Descendit
465 2029 574 2099 pluvie,
604 2034 630 2085 ct
657 2040 791 2088 uenerunt
819 2035 947 2103 flumina,
1004 2030 1147 2099 doctores,
1163 2029 1349 2084 Dominicum
1362 2029 1546 2084 intendentes
1557 2032 1744 2101 praeceptum,
1760 2032 1830 2082 etse

123 2120 149 2171 et
175 2117 398 2186 deceruntueuti
422 2119 448 2172 et
463 2118 608 2173 irrumuat
632 2120 663 2174 iu
686 2120 797 2175 domum
819 2122 908 2188 itum,
924 2123 951 2177 et
1005 2119 1041 2174 ad
1056 2118 1229 2190 passionum
1254 2117 1437 2173 tolerantiam
1463 2117 1676 2190 preparabant,
1703 2120 1731 2171 et
1759 2114 1831 2172 alios

123 2204 443 2276 noncecidit:fundetu
456 2207 531 2262 caim
546 2211 949 2281 crutsuprupctrumfflnttle.
1004 2207 1242 2263 constantissime
1268 2207 1440 2262 invitabant.
1466 2207 1548 2277 lpsos
1578 2197 1667 2260 etiarn
1695 2220 1831 2276 perseeu-

123 2295 244 2365 v11,25).
261 2295 352 2365 Cujus
375 2298 500 2351 ventura
523 2294 600 2351 mala
625 2296 689 2353 ideo
710 2297 773 2370 ipse
795 2299 950 2370 praedicere
1004 2300 1082 2351 tores
1101 2296 1231 2351 modeste
1255 2295 1427 2367 arguebant,
1447 2294 1619 2366 insipientes
1635 2292 1788 2362 docebant,
1804 2294 1834 2348 et

124 2382 262 2456 dignatus
277 2387 332 2453 est,
345 2389 377 2439 ut
392 2384 508 2455 quando
525 2384 700 2455 acciderent;
716 2392 798 2444 tanto
813 2387 905 2444 levius
917 2405 950 2444 ea
1004 2385 1143 2442 duritiam
1159 2384 1255 2440 cordis
1271 2399 1372 2440 eorum
1394 2383 1582 2438 vehementer
1597 2380 1831 2454 exprobrabant;
1917 2402 1920 2407 ·

123 2476 226 2528 saneta
239 2471 370 2528 Ecclesia
391 2471 487 2540 ferret,
504 2478 613 2545 quanto
636 2474 763 2548 amplius
793 2492 827 2533 ea
842 2494 950 2549 praec·
1006 2474 1289 2545 undeutquosdam
1306 2469 1835 2545 ipsorumaliquandoaperversite-
1898 2546 1904 2557 ,

119 2560 206 2636 gnita
219 2559 351 2618 haberet.
366 2561 498 2618 Armavrt
513 2563 621 2636 quippe
641 2580 706 2621 eam
722 2564 821 2638 clypeo
836 2566 949 2638 patien-
1005 2563 1082 2619 libus
1097 2562 1271 2618 mirabiliter
1285 2562 1479 2635 corrigebant,
1491 2561 1634 2632 quosdam
1649 2576 1716 2616 vero
1732 2559 1833 2615 adver-

123 2649 182 2720 tis,
201 2649 340 2721 quoniam
357 2648 449 2707 levius
464 2656 590 2723 possunt
615 2652 682 2709 ferri
706 2653 784 2710 mala
805 2655 949 2727 praescita,
1005 2669 1071 2708 sum
1084 2669 1115 2707 se
1131 2652 1228 2724 potius
1254 2652 1418 2707 irritabant.
1445 2650 1526 2716 Quod
1542 2653 1570 2705 et
1589 2648 1675 2704 hodie
1691 2649 1789 2721 agitur
1803 2648 1834 2704 in

124 2739 952 2812 quameaquesubito,etimprovisaeveniunt;undeet
1005 2746 1107 2798 saneta
1122 2740 1261 2810 Ecclesia,
1279 2746 1311 2796 ut
1325 2742 1396 2796 dum
1408 2737 1836 2796 malorumarectoribuscor
1917 2754 1919 2758 ⁴

123 2826 267 2883 Dominus
283 2827 374 2885 alibi:
391 2833 449 2884 Hoc
465 2830 570 2885 locutus
590 2847 652 2886 sum
675 2832 759 2900 eote,
778 2841 806 2889 ut
829 2850 892 2888 cum
906 2850 951 2890 ue·
1006 2830 1153 2902 ripiuntur
1182 2846 1290 2897 mores,
1317 2830 1373 2902 ipsi
1390 2845 1506 2901 qnoque
1532 2844 1602 2884 suos
1617 2829 1836 2900 persequuntur

122 2918 196 2972 uerit
211 2915 287 2987 beru,
304 2933 402 2973 eorum
428 2919 660 2987 reminiscamini,
677 2923 745 2993 quio
770 2938 817 2993 cqc
831 2922 893 2978 diei
906 2939 952 2979 uo·
1007 2922 1150 2987 doctoreS,
1167 2924 1243 2974 etut
1258 2918 1489 2975 eeclesiasticam
1501 2916 1617 2973 valeant
1631 2916 1758 2988 elingere
1773 2916 1834 2971 dis-

124 3005 164 3060 ea
180 3004 267 3076 (dcun.
283 3022 341 3074 xvi,
360 3006 397 3078 l).
415 3006 479 3062 Hae
495 3007 593 3080 itaque
609 3008 715 3065 domus
731 3027 788 3065 non
814 3029 848 3066 ex
863 3012 953 3082 parie-
1007 3007 1146 3079 eiplinam
1170 3010 1332 3078 [pastorum
1348 3024 1406 3063 non
1422 3009 1559 3062 metuunt
1574 3005 1717 3062 inlamare
1730 3004 1834 3060 vitam.

124 3093 206 3149 tibus
221 3095 410 3161 manufactis,
426 3096 477 3151 sed
492 3112 526 3151 ex
547 3096 620 3154 vivis
636 3102 664 3152 et
678 3097 777 3154 electis
792 3098 950 3171 lapidibus,
1009 3097 1064 3152 Sed
1080 3096 1134 3150 boe
1148 3096 1240 3151 saneti
1257 3100 1358 3151 Patres
1381 3094 1581 3167 sagacissime]
1605 3094 1835 3160 considerantes,

122 3182 224 3250 idest,
243 3188 414 3240 sanctorum
440 3184 563 3240 centibus
587 3183 804 3256 elegentissime
827 3191 950 3244 constat.
968 3168 989 3234 C
1007 3184 1073 3239 ideo
1088 3182 1255 3239 inviolabile
1280 3189 1432 3254 pastorum
1463 3186 1623 3238 sanxerunt
1650 3178 1836 3254 privilegium

122 3270 194 3341 lijus
211 3285 277 3325 vero
292 3274 446 3325 structure
462 3275 532 3326 sunt
553 3271 662 3343 quique
677 3272 778 3330 fideles
791 3275 890 3330 variis.
913 3317 919 3329 .
943 3319 949 3332 .
1007 3277 1197 3343 [permanere
1213 3289 1251 3326 ne
1274 3271 1481 3344 superbientes
1505 3276 1534 3326 et
1548 3270 1695 3340 vecordes]
1712 3284 1761 3325 eos
1777 3267 1837 3326 ullo

120 3356 287 3413 virtutibus
298 3362 953 3435 coruscantumstructoreeautemipsidocto·
1006 3361 1094 3416 modo
1112 3361 1254 3416 auderent
1275 3360 1437 3432 despicere,
1468 3359 1513 3414 vel
1539 3360 1672 3429 ipsorum
1695 3360 1838 3430 precepta

122 3461 171 3501 res
180 3485 949 3509 .................
1006 3453 1201 3507 contemnere.
1228 3449 1379 3512 Quomodo
1406 3448 1484 3503 enim
1508 3446 1649 3520 praesules
1664 3451 1836 3504 ceterorum

125 3575 132 3589 .
181 3573 950 3595 .................
1006 3541 1130 3611 possunt
1140 3536 1241 3609 culpas
1257 3553 1390 3609 arguere,
1403 3538 1427 3592 si
1438 3537 1479 3592 illi
1495 3554 1544 3593 eos
1558 3535 1838 3593 audentiorestare‘t

124 3638 250 3695 quorum
266 3637 319 3695 per
333 3623 421 3680 fldem
436 3627 465 3679 et
480 3623 678 3697 operationem
707 3667 951 3686 ......
1006 3627 1040 3681 lit
1054 3626 1120 3682 ideo
1134 3624 1201 3681 illos
1213 3642 1272 3680 aon
1284 3625 1386 3681 leviter
1397 3625 1588 3695 accusandos,
1600 3623 1836 3680 velcalumnian·

174 3754 181 3768 .
223 3752 230 3766 .
271 3754 278 3767 .
317 3713 404 3782 cujus
419 3711 615 3770 institutionis
631 3715 784 3773 exordium
800 3717 829 3772 in
844 3717 952 3774 beatis·
1007 3716 1060 3771 dos
1071 3718 1240 3772 sanctorum
1252 3714 1492 3770 statutaPatrum
1503 3713 1626 3786 pleniter
1637 3712 1835 3780 interdicunt;

124 3800 193 3857 simi
216 3799 295 3856 Petri
321 3800 399 3856 fideli
425 3801 609 3859 contunsione
625 3804 771 3861 credimus
784 3806 952 3877 fundatum,
1006 3819 1060 3859 nec
1076 3802 1203 3874 aliquem
1221 3803 1256 3858 ad
1269 3819 1369 3858 eorum
1382 3803 1599 3858 accusationem
1608 3801 1700 3858 sancti
1709 3815 1836 3856 canones

125 3905 193 3945 oum
209 3888 250 3945 ait
264 3890 301 3945 ad
315 3888 489 3946 Dominum:
503 3893 575 3947 lues
591 3892 713 3949 cbristus
725 3895 818 3950 Filius
828 3896 878 3949 Dei
888 3897 951 3951 etsi.
1008 3891 1181 3959 admittunt,
1196 3890 1253 3946 nisi
1270 3890 1320 3962 qui
1334 3891 1394 3946 vita
1405 3896 1434 3947 et
1449 3890 1582 3948 moribus
1598 3889 1676 3946 fideli
1692 3888 1838 3944 examina·

126 3983 182 4032 Pro
197 3977 356 4049 quostiam
374 3979 611 4036 remuneratione
633 3980 735 4036 audire
759 3982 835 4038 inter
851 3988 954 4039 caetara
1008 3978 1086 4032 tione
1096 3978 1195 4048 dignis
1212 3979 1416 4034 sacerdotibus
1439 3978 1639 4048 coaequandus
1661 3975 1835 4031 inveniatur.

127 4064 250 4122 meruit:
266 4069 300 4123 Et
313 4083 360 4138 cqc
372 4067 432 4124 dico
447 4068 500 4123 tibi
524 4069 590 4139 quie
604 4075 633 4124 tu
657 4085 684 4125 es
699 4071 807 4136 Petrus,
822 4078 848 4127 et
873 4088 956 4144 snper
1009 4065 1064 4122 Sed
1080 4080 1133 4120 nee
1150 4065 1214 4120 ideo
1231 4065 1311 4137 ipsos
1336 4066 1456 4136 impune
1482 4064 1609 4144 transire
1625 4066 1794 4131 sanxerunt,
1812 4062 1838 4118 si

124 4156 198 4210 benc
208 4162 318 4227 pedum
331 4155 473 4226 edificabo
490 4157 641 4214 Ecclesium
655 4174 753 4227 mcum,
770 4166 796 4215 ct
810 4164 898 4233 perte
913 4164 955 4216 in·
1009 4153 1134 4210 erimina
1155 4171 1218 4226 qua
1244 4154 1451 4210 Sacerdotibus
1467 4153 1592 4225 objicere
1609 4169 1668 4208 non
1690 4154 1837 4218 metuunt,

124 4245 180 4315 seri
194 4260 251 4300 uou
261 4245 454 4316 praevalebunt
478 4246 607 4302 aduersus
621 4263 681 4305 cum
706 4249 815 4320 (detti.
832 4267 889 4320 xva,
909 4252 954 4305 16-
1010 4243 1171 4316 approbare
1183 4260 1241 4299 non
1256 4247 1381 4316 possunt
1395 4261 1402 4299 ε
1414 4243 1549 4299 eamdem
1561 4241 1781 4298 accusatoribus
1796 4256 1839 4296 re·

127 4333 180 4404 18).
206 4333 358 4389 AEdificata
372 4336 417 4391 est
432 4349 500 4407 argo
526 4340 629 4391 sanata
651 4335 783 4394 Ecclesia
800 4355 890 4410 supra
906 4355 955 4409 pe·
1010 4332 1141 4405 probatis
1155 4333 1341 4405 imponentes
1361 4333 1518 4403 jacturam,
1535 4349 1622 4404 quam
1639 4330 1762 4386 convicti
1777 4329 1839 4403 pati

125 4423 201 4476 uam
215 4421 245 4476 in
261 4421 407 4478 soliditate
423 4421 588 4495 apostolica
604 4423 683 4491 fidei,
699 4442 751 4496 per
766 4425 854 4482 fidem
869 4431 898 4481 et
913 4426 956 4482 di·
1011 4423 1173 4477 debuerant
1188 4422 1317 4478 accusati
1331 4440 1337 4489 3
1354 4422 1527 4494 nullamque
1542 4420 1759 4476 accusationem
1771 4435 1838 4474 eon-

126 4509 282 4566 lectionem
297 4509 418 4583 Christi,
430 4515 460 4569 et
469 4512 684 4584 perceptionem
695 4519 956 4582 sacramentorum,
971 4531 995 4596 D
1010 4515 1055 4567 tra
1070 4527 1101 4567 se
1117 4511 1262 4583 prolatam
1275 4511 1424 4583 suscipere
1434 4509 1478 4566 vel
1489 4508 1767 4576 defenderedebere,
1779 4506 1837 4563 nisi

126 4602 155 4653 et
169 4598 388 4657 observantiam
409 4601 616 4657 mandatorum
643 4603 718 4673 ejus.
744 4604 821 4661 Felix
837 4605 955 4676 quidem
1011 4601 1078 4656 data
1093 4602 1129 4656 ad
1145 4600 1268 4656 invicem
1284 4599 1418 4656 cautione
1432 4618 1438 4668 ;
1451 4615 1544 4671 neque
1555 4597 1682 4670 judicari
1697 4596 1754 4651 nisi
1765 4596 1836 4652 sari·

129 4687 250 4754 demus,
267 4704 330 4760 quae
347 4689 456 4762 pluviis
466 4689 713 4748 irruentibusuon
729 4691 852 4764 laeditur,
864 4693 959 4749 llumi·
1012 4689 1081 4761 ptis,
1098 4689 1328 4761 prudentissime
1347 4692 1524 4744 statuerunt.
1546 4687 1702 4759 lpsamque
1726 4685 1837 4742 cautio·

128 4775 217 4833 nibus
232 4776 449 4835 inundantibus
464 4795 521 4834 non
536 4779 659 4847 eruitur,
673 4782 769 4839 ventis
784 4781 958 4854 impellenti·
1013 4795 1090 4847 nem,
1107 4778 1131 4834 ei
1144 4779 1182 4846 vi,
1200 4782 1251 4834 aut
1264 4783 1355 4844 metu,
1368 4776 1412 4833 vel
1422 4777 1494 4833 *dolo
1504 4781 1602 4833 exorta
1613 4774 1711 4843 fuerit,
1723 4773 1837 4831 nullum

128 4863 185 4920 bus
200 4881 258 4921 non
276 4866 422 4938 dejicitur.
432 4868 577 4924 Adversus
592 4885 683 4941 quam
700 4886 753 4926 nee
768 4877 856 4943 portae
871 4870 957 4927 inferi
1012 4867 1114 4922 dieunt
1129 4867 1218 4923 robur
1231 4867 1345 4922 babere.

128 4953 299 5024 prevalent,
314 4956 450 5028 quamvis
473 4956 554 5014 vario
579 4956 739 5014 luctamine
759 4960 870 5031 jugiter
893 4977 957 5016 eam
1047 4956 1203 5011 iudicandi
1229 4971 1346 5027 quaque
1369 4955 1488 5026 pariter,
1505 4958 1534 5011 et
1553 4952 1710 5010 accusandi
1725 4952 1755 5006 in
1780 4964 1838 5004 uno

131 5039 300 5113 lacessant;
330 5061 394 5117 quae
428 5062 479 5101 nee
507 5046 630 5103 occultis
657 5048 878 5120 tentationibus,
906 5065 958 5105 nec
1012 5045 1318 5117 eodemquenegotio,
1340 5045 1544 5115 cujuscunque
1568 5040 1751 5099 auctoritatis
1770 5052 1839 5107 per·

129 5130 241 5201 apertis
255 5132 520 5205 persecutionibus,
545 5152 599 5191 nec
615 5136 746 5208 ipsorum
768 5137 856 5193 etiam
873 5137 957 5193 mali·
1014 5150 1085 5190 sona
1101 5133 1149 5201 sit,
1166 5134 1345 5189 omnimodis
1356 5132 1543 5190 excluserunt
1552 5130 1712 5187 licentiam.
1730 5127 1838 5182 Locum

130 5233 255 5291 qnorum
277 5221 437 5294 spirituum
463 5223 711 5296 infestationibus,
737 5242 790 5282 nee
810 5226 958 5298 vitiorum,
1013 5222 1102 5278 etiam
1118 5227 1146 5279 et
1161 5227 1278 5295 tempus
1293 5223 1323 5278 in
1339 5238 1396 5294 quo
1412 5222 1472 5277 haee
1494 5222 1619 5278 debeant
1633 5213 1777 5285 ventilari,
1793 5214 1840 5271 in-

128 5311 181 5363 aut
193 5309 353 5368 criminum
368 5312 549 5384 ponderibus
565 5313 624 5371 ullo
638 5315 724 5371 modo
742 5316 827 5371 cedit.
1013 5327 1103 5383 super
1117 5316 1145 5367 et
1160 5329 1315 5383 personam
1323 5312 1359 5368 ad
1373 5312 1458 5383 cujus
1467 5308 1631 5382 pertineant
1645 5304 1837 5374 audientiam,

164 5401 320 5470 Deponunt
335 5417 402 5473 ergo
418 5407 552 5458 sanctam
576 5387 733 5460 Ecclesiam
751 5407 960 5477 persequentes
1014 5401 1217 5473 sagassissime
1227 5400 1465 5457 indixeruntNec
1472 5397 1607 5469 judicum
1618 5394 1713 5451 valere
1723 5397 1839 5451 senten·

132 5489 363 5556 contumaciam,
378 5496 497 5547 sumant
513 5488 613 5546 fideles
628 5490 657 5544 in
673 5496 875 5564 persecutione
891 5511 959 5549 eon·
1014 5488 1084 5545 tiam
1101 5497 1248 5558 asserunt,
1265 5491 1321 5546 nisi
1336 5491 1452 5545 illorum
1469 5484 1519 5556 qui
1533 5485 1569 5539 ab
1584 5485 1658 5557 ipsis
1675 5483 1758 5540 electi
1773 5483 1837 5537 lue-

130 5575 285 5634 etantiam.
302 5579 432 5636 audiant
441 5580 495 5652 illi,
511 5581 649 5654 quianon
665 5584 877 5652 prevalebunt:
890 5599 961 5656 pre·
1015 5579 1074 5636 rint
1088 5578 1406 5637 accusatislnduciam
1421 5590 1538 5648 quoque
1552 5591 1639 5633 suum
1660 5575 1836 5648 pertractan-
