3908 6096
81 293 143 369 aaa
608 292 875 363 sueveruuu.
889 323 930 343 ·-
943 293 1101 358 ruxres
1122 294 1266 360 aaran.
1728 292 1806 375 aso,

82 426 271 484 moictionem
295 425 409 485 refertis
424 426 571 485 manubiis
587 427 607 483 ii
623 427 780 485 stimulant
801 430 908 483 memet
921 427 949 496 Α
964 426 1075 483 duntur
1089 426 1239 484 deleuefici
1249 426 1363 485 videtur
1372 425 1510 500 pleumen
1521 426 1591 483 dum
1604 425 1721 501 angitur
1729 429 1792 485 tuo·

81 515 123 572 slc
138 515 281 573 lacessere
296 532 421 588 erronea
437 516 579 573 induleris
591 517 673 575 Prote
688 517 713 573 si
729 516 830 572 tuleris
845 533 911 573 con·
963 515 1033 572 cetis
1048 533 1105 572 nen
1121 516 1208 572 durat
1222 517 1384 589 exprimere
1398 515 1494 573 solum
1510 516 1792 591 panegyricalllluo-

82 604 206 661 fundere
231 604 359 678 sigillata
373 605 426 661 has
449 605 540 662 seculi
555 606 579 662 si
598 605 706 662 luerint
729 605 852 662 exercita
866 605 911 663 vel
964 622 1016 664 nes
1030 604 1107 661 sicut
1130 604 1207 661 clave
1221 605 1383 679 suspendat
1396 622 1447 661 vus
1471 607 1507 662 ab
1522 623 1581 662 uuo
1601 605 1708 673 edulio,
1724 621 1792 669 moa

82 693 175 750 ellusa
191 710 253 766 qua
278 693 388 765 promis
408 694 646 766 floccipendenda
668 699 739 770 tunc
763 699 791 750 et
806 699 912 750 natura
965 694 1130 751 eventilando
1155 694 1263 750 curatis
1280 694 1380 767 procul
1395 694 1531 752 insectari
1552 694 1596 750 vel
1613 693 1790 752 ientaculum

81 782 371 854 sterilislinquatsua
382 773 533 840 munerasi
546 784 911 857 poterislrngereeurudem
965 789 992 841 et
1008 783 1134 839 exterius
1150 783 1241 840 libare
1255 788 1417 840 tomentum
1429 789 1457 840 et
1470 784 1538 840 inde
1549 785 1678 857 gyrando
1690 801 1792 857 parare

82 875 193 927 statum
217 872 357 927 summati
373 876 401 927 et
416 870 491 942 lixae,
508 872 616 943 quibua
638 872 803 944 prospicere
818 888 910 927 unum
965 872 1119 942 ferculum,
1143 869 1187 926 vel
1212 871 1236 928 si
1259 872 1313 928 hoc
1337 873 1453 928 deficiat
1484 871 1600 929 abelam
1622 873 1743 929 insanea
1767 873 1793 929 si

81 958 197 1016 haeteris
212 965 240 1014 et
257 959 344 1015 aride
359 965 388 1015 et
402 960 498 1033 Cocyti
509 960 578 1033 quid
591 960 713 1033 derogas
725 960 829 1016 officiis
841 960 912 1015 Prae·
965 962 1062 1034 prada
1077 961 1115 1017 sit
1139 965 1251 1017 remota
1266 963 1388 1018 abcessu
1411 962 1454 1017 vel
1472 961 1496 1017 si
1513 961 1642 1034 privetur
1663 961 1792 1017 auctori·

79 1047 911 1123 sidumlanvalesobfuscaresuppetias,quasipsesumme
965 1051 1099 1106 tateNoa
1114 1049 1247 1105 dillertur
1261 1050 1382 1122 crapula
1397 1054 1566 1122 utcumque,
1579 1051 1649 1105 dum
1666 1066 1791 1123 pregra-

78 1140 182 1209 potens
195 1135 305 1209 legerat
319 1140 352 1194 ut
365 1137 479 1194 lalciret
492 1138 641 1195 labantem
657 1138 835 1194 orbem.Noa
846 1153 911 1193 con·
964 1138 1049 1194 vidus
1065 1137 1247 1211 aqualiculus
1262 1138 1382 1210 repellat
1397 1139 1533 1194 acerbum
1549 1139 1669 1196 fascem.

77 1224 171 1282 literis
183 1224 340 1281 Malachim
354 1230 405 1282 aut
420 1226 541 1283 minime
557 1227 672 1300 plaudis
688 1228 734 1282 cui
750 1229 909 1281 concentus
1001 1227 1177 1283 Frateruitas
1192 1244 1255 1299 quae
1269 1227 1298 1281 in
1320 1226 1401 1283 vobis
1417 1227 1524 1284 latetur
1539 1228 1650 1285 avubis
1665 1228 1728 1285 sola
1742 1246 1791 1285 ar-

77 1315 225 1387 virginum
242 1316 291 1370 dat
307 1315 487 1387 trophaeum
500 1318 600 1373 decem
617 1315 742 1371 millium
758 1314 912 1370 hostium?
965 1315 1038 1374 valis
1050 1321 1094 1372 est
1108 1317 1215 1388 quibus
1223 1317 1286 1388 jam
1298 1320 1388 1372 staret
1399 1316 1545 1372 sarchiam
1556 1323 1588 1373 ut
1599 1334 1635 1373 ne
1645 1317 1792 1386 serendis;

77 1421 137 1461 non
164 1404 262 1476 potius
287 1404 417 1460 assumis
442 1405 494 1460 hoc
517 1421 606 1477 quam
631 1404 762 1460 hecaten
785 1403 910 1476 prophe·
965 1405 1015 1461 sed
1030 1404 1160 1477 vergitur
1181 1405 1260 1476 quod
1275 1408 1390 1476 pectore
1404 1403 1512 1460 vulnus
1537 1421 1716 1462 consumens
1731 1406 1792 1462 beo

77 1508 186 1548 neuma
196 1491 305 1549 occulis
316 1491 458 1566 gradibus
468 1509 655 1549 revocaveras
666 1509 785 1548 cursum
802 1508 855 1548 nec
866 1508 910 1548 re·
965 1493 1084 1549 intonui
1095 1492 1209 1566 liquere
1219 1509 1289 1561 ;non
1297 1493 1404 1549 desinit
1413 1492 1464 1548 hin
1475 1494 1575 1549 soetare
1583 1498 1681 1550 atrum
1690 1495 1792 1552 bilem.

78 1582 138 1637 fers
150 1597 311 1654 precanum
326 1581 429 1653 templi
444 1581 597 1638 coheleetae
610 1583 659 1654 qui
676 1585 704 1638 et
714 1581 834 1638 detersit
846 1581 912 1637 abe·
965 1586 987 1638 Ο
1002 1581 1084 1655 prius
1107 1585 1242 1653 caperent
1257 1598 1306 1637 vos
1321 1585 1436 1637 tanturn
1461 1582 1679 1655 subgrundarie
1702 1599 1792 1655 quam

80 1669 282 1725 minanda‘let
297 1674 329 1725 ut
343 1686 421 1727 nunc
437 1672 562 1726 subeant
577 1688 684 1727 novum
699 1674 911 1727 testamentum
966 1689 1044 1728 nunc
1059 1671 1212 1744 polyoctus
1227 1671 1417 1744 sarcophaga.
1434 1672 1468 1726 ut
1482 1672 1505 1726 si
1521 1672 1631 1744 Pegaso
1646 1675 1728 1744 optet
1741 1688 1793 1729 vos

80 1757 112 1814 in
128 1757 230 1814 ordine
245 1757 359 1815 lielenae
369 1758 462 1814 tilium
478 1763 631 1815 strenuum
647 1760 805 1831 atrophicis
820 1758 911 1815 armis
967 1760 1096 1833 protrahi
1107 1761 1135 1815 in
1146 1760 1357 1832 istisusquead
1367 1759 1530 1816 silicernius
1540 1776 1597 1816 uon
1610 1765 1794 1833 spectattum

83 1845 134 1918 qui
147 1863 298 1904 removeas
311 1847 497 1919 pancratiarii
512 1847 694 1904 Christicolis
707 1848 833 1904 tirmavit
844 1850 914 1920 jura
967 1849 1105 1922 capulum
1117 1849 1166 1905 sed
1178 1850 1313 1921 jucunda
1323 1865 1482 1921 oransque
1493 1847 1656 1905 sublustrat
1670 1847 1795 1919 vispillo·

82 1935 208 1992 efficito
223 1936 287 1992 Dux
298 1936 442 1993 Theodosi
453 1953 579 2010 magnus
590 1937 679 1993 tantis
689 1936 849 2010 triumphis
860 1954 913 1996 neo
968 1955 1030 2006 nes,
1047 1954 1114 1995 nam
1132 1938 1198 1994 licet
1220 1937 1349 1993 validum
1366 1943 1442 1994 esset
1456 1936 1537 1994 vobis
1553 1937 1670 1994 inficere
1689 1937 1794 1994 taciem

82 2024 200 2081 duceris
215 2041 264 2080 ore
288 2025 377 2096 hrrjus
392 2029 424 2080 tu
439 2027 490 2098 qui
506 2042 646 2098 respuens
669 2026 795 2082 hereses
811 2027 913 2083 ludisti
968 2028 1032 2085 ooeli
1048 2027 1214 2084 manalibus
1239 2045 1296 2084 non
1312 2031 1357 2083 est
1372 2027 1489 2084 inficere
1512 2043 1631 2083 sensum
1646 2026 1700 2082 viri
1716 2026 1794 2099 quod

84 2114 211 2170 barbara
234 2113 293 2170 tela
307 2118 336 2170 et
359 2115 512 2172 destruens
538 2115 635 2188 phana
661 2115 800 2172 sancxisti
824 2115 913 2172 deleri
968 2118 1145 2174 bacchantes
1159 2116 1292 2174 tristibus
1308 2116 1429 2172 rictibus
1445 2116 1598 2172 minamini
1618 2131 1733 2173 cassare
1746 2131 1794 2172 ve·

81 2203 184 2259 titulos
201 2220 235 2260 ne
252 2207 375 2260 restaret
389 2204 492 2261 saltem
509 2205 680 2278 hypogeum
695 2205 724 2260 in
740 2222 797 2277 quo
812 2205 915 2263 lateret
968 2224 1033 2263 rum
1045 2207 1185 2263 ducentes
1200 2205 1305 2263 emula
1313 2223 1364 2261 ora
1372 2205 1408 2262 ad
1417 2205 1531 2278 Valgiaa
1540 2209 1569 2261 et
1577 2206 1613 2262 ad
1624 2205 1716 2262 levem
1725 2205 1795 2260 bau-

84 2291 234 2364 quoddam
243 2291 392 2348 residuum
402 2293 743 2361 exsacroDaemonis,sed
752 2295 915 2350 cunctami·
968 2296 1068 2351 batum
1081 2295 1134 2350 lut
1147 2296 1288 2351 cacabant
1301 2294 1424 2351 humida
1437 2294 1629 2350 aritina.Cum
1644 2294 1798 2350 hauserint

84 2381 205 2437 litarent
221 2397 279 2437 uno
295 2381 416 2438 auctori.
433 2381 587 2438 Oinducle
603 2399 638 2438 ne
652 2386 770 2454 reputas
788 2384 912 2455 aequivo-
969 2386 1068 2458 ignem
1084 2384 1125 2441 sic
1142 2382 1436 2440 stitianttemulentia
1447 2383 1795 2457 inipsiastultis.Respuo

86 2483 155 2522 cum
171 2473 307 2540 nepotem
330 2470 421 2541 hujus
436 2475 533 2527 extare
547 2470 714 2539 sublimem,
732 2471 782 2543 qui
803 2476 914 2545 tempe·
970 2476 1046 2546 quod
1059 2474 1170 2530 nictont
1184 2473 1264 2529 taciti
1277 2490 1401 2545 quorum
1411 2476 1439 2528 et
1449 2472 1593 2544 lrigultire
1604 2475 1757 2528 contemno
1768 2474 1798 2528 et

85 2573 157 2612 rans
181 2574 291 2629 prunas
315 2576 418 2631 pruna,
434 2565 523 2632 atque
545 2559 652 2616 iterum
676 2560 796 2631 pruinas
821 2579 916 2633 pruua
970 2563 1079 2636 garrire
1093 2561 1179 2617 nauci
1195 2579 1279 2634 pono.
1296 2561 1359 2617 Non
1375 2566 1419 2618 est
1434 2561 1506 2617 mihi
1521 2559 1681 2617 diobolaris
1695 2559 1796 2632 lingua

88 2646 218 2704 domavit
241 2647 392 2704 libidinem
416 2656 443 2704 et
466 2649 594 2706 furorem
625 2650 762 2722 dogmate
787 2655 815 2707 et
838 2651 916 2708 fidus
970 2651 1102 2709 delluens
1118 2667 1235 2723 quaque
1245 2651 1281 2706 ad
1297 2651 1473 2718 nenias,sed
1488 2650 1512 2705 si
1523 2653 1619 2705 vestra
1629 2647 1797 2722 syngrapha

87 2734 234 2802 charitati,
253 2754 304 2792 nrc
325 2738 460 2793 extiterat
486 2738 584 2811 segnis
600 2743 650 2794 aut
662 2740 769 2796 cadens
790 2741 915 2798 tristitias
971 2745 1107 2797 moveant
1121 2739 1259 2811 injuriam
1275 2756 1340 2796 meo
1355 2740 1428 2812 stylo
1444 2743 1502 2796 stat
1520 2743 1553 2794 ut
1568 2743 1672 2795 nostrae
1687 2737 1798 2810 paginae

87 2829 116 2881 et
128 2826 283 2881 subindius
294 2826 700 2900 triumphaveratsupplicaus
709 2833 815 2885 aeterno
826 2846 915 2901 quam
971 2823 1117 2887 ducantur
1132 2829 1167 2884 ad
1184 2829 1320 2884 senniou.

89 2914 189 2970 armis.
1007 2919 1071 2974 Mea
1086 2934 1174 2989 quam
1191 2933 1243 2973 nec
1259 2917 1361 2972 obelus
1386 2916 1518 2988 signabit
1533 2915 1691 2972 merebitur
1694 2956 1748 2971 .....
1765 2929 1800 2970 ne

125 3002 199 3068 Ouid
215 3003 331 3076 proficit
346 3003 459 3075 plebeia
485 3003 616 3059 manus?
631 3021 683 3060 nec
698 3005 763 3077 ipsa
777 3006 918 3064 subsistet
973 3007 1114 3062 inhaereat
1140 3021 1267 3061 nocuum
1283 3005 1381 3076 sigim.
1398 3003 1479 3061 Licet
1501 3003 1682 3059 nuncetiam
1699 3003 1803 3059 sedare

88 3093 207 3165 singula
222 3092 363 3149 exhausta
377 3093 590 3163 ducibus‚quod
608 3092 702 3165 prima
713 3093 918 3168 seculesignat
973 3112 1106 3153 rumores
1116 3094 1365 3165 quosblaterande
1375 3091 1801 3165 dedistispopuliasesideinde

89 3187 227 3238 notamus
250 3180 334 3238 facile
350 3186 377 3238 et
390 3185 435 3236 est
459 3180 527 3237 hine
549 3198 694 3255 apponere
717 3198 804 3238 cura.
822 3164 954 3240 ValidiG
974 3181 1423 3257 pululeutarphagantihusullis
1434 3180 1567 3236 sutilibus
1577 3184 1647 3235 tunc
1655 3180 1802 3235 urbanum

89 3272 180 3327 armis
196 3271 318 3327 artubus
342 3274 528 3342 excreverant
547 3271 650 3343 primis
674 3271 837 3328 seminibus
852 3275 918 3329 Adae
973 3274 1028 3331 erit
1042 3272 1116 3328 tueri
1141 3271 1170 3325 in
1195 3271 1268 3342 ipsis
1288 3270 1455 3340 jamdulum
1481 3268 1636 3343 promissa.
1662 3268 1803 3327 Praetores

88 3365 118 3416 et
133 3360 268 3416 soecunda
282 3358 379 3432 proles
394 3360 507 3430 paravit
527 3360 641 3431 opimas
656 3361 769 3428 turbas,
786 3378 919 3419 crescens
974 3379 1051 3418 nunc
1067 3361 1144 3416 acies
1155 3359 1337 3417 luscinorum
1353 3363 1490 3433 poterunt
1501 3357 1746 3431 perspiceresudo
1757 3354 1802 3412 ul·

89 3449 200 3504 crebris
226 3448 412 3505 successibus
426 3453 455 3505 et
471 3465 536 3504 raro
551 3466 651 3505 exeau.
669 3449 723 3505 Sed
750 3450 859 3506 Praeses
875 3451 917 3506 in·
973 3449 1197 3506 lumtlosculum
1206 3449 1405 3521 perpendiculi
1416 3448 1471 3504 etsi
1483 3447 1543 3504 sit?
1554 3447 1609 3503 Sed
1619 3463 1711 3502 eruce
1722 3461 1803 3503 mors

89 3542 222 3594 structus
237 3537 331 3593 deluit
346 3536 462 3594 erudire
476 3539 565 3594 rudes
581 3537 724 3610 cohortes,
740 3541 818 3595 unde
833 3539 920 3612 evita·
974 3542 1109 3612 querunt
1122 3539 1306 3594 ammordere
1322 3554 1379 3593 non
1396 3539 1473 3609 quod
1489 3537 1528 3593 sit
1542 3553 1629 3608 sapor
1643 3535 1673 3591 in
1688 3533 1802 3605 ore,sed

91 3630 156 3683 rent
171 3626 331 3682 discrimen
346 3626 487 3682 undantis
497 3625 695 3698 limphaelpse
705 3628 919 3685 Abrahamicus
973 3635 1007 3684 ut
1022 3628 1203 3701 pessundant
1217 3627 1381 3682 devorando
1394 3643 1468 3700 quos
1483 3642 1536 3698 ego
1546 3622 1690 3681 horticola
1702 3627 1803 3680 estana

92 3713 219 3788 populus
234 3714 317 3787 plebs
333 3715 380 3770 Dei
396 3722 439 3770 est
463 3721 566 3771 auctus
582 3715 740 3788 triumphis
757 3717 826 3772 dum
847 3734 919 3790 sup·
974 3712 1803 3789 repaguliseuroexcluderehdeantmiropolarudelegant

92 3805 157 3880 pler
172 3805 272 3877 deguit
287 3804 559 3876 substitiosia,qued
575 3805 645 3876 quia
659 3806 839 3862 exorbitatus
855 3823 921 3862 con·
975 3805 1087 3864 colliria
1096 3809 1125 3860 et
1135 3810 1250 3860 comant
1261 3803 1479 3872 allucinaria‚ut
1490 3808 1553 3876 post
1564 3804 1716 3858 secernant
1728 3799 1803 3855 luci·

92 3895 221 3967 tempsit,
247 3892 345 3950 exulat
368 3891 469 3965 procul
493 3892 630 3949 alimine
655 3897 683 3949 et
707 3898 784 3949 extat
808 3894 920 3952 inutilia
974 3891 1801 3965 dumetopacum.Neuegopassusloetargumpraesumo

91 3983 181 4055 strips
195 3982 266 4054 (sic).
976 3981 1184 4054 pellereolsrcia
1192 3979 1366 4052 presidum·
1375 3979 1425 4034 sed
1434 3979 1545 4050 castigo
1554 3995 1610 4035 non
1621 3976 1801 4033 temeranda.

127 4073 217 4144 Cujus
232 4087 284 4127 nec
308 4071 362 4125 hoc
377 4069 474 4126 solum
497 4073 549 4136 est,
573 4070 623 4126 sed
642 4069 748 4143 cnique
770 4071 920 4144 terrigenae
976 4070 1049 4138 Quia
1059 4070 1136 4143 quod
1147 4070 1209 4141 jam
1221 4067 1309 4123 retuli
1320 4071 1457 4140 graveest
1467 4066 1563 4139 inepte
1572 4065 1710 4122 scandere
1721 4081 1802 4121 sum·

92 4165 192 4218 restat.
209 4162 244 4216 llt
258 4160 334 4232 quod
352 4163 492 4215 notantur
515 4161 630 4214 tantum
646 4159 780 4216 hominos
796 4176 921 4231 quorum
977 4155 1675 4229 mumconniti,etsubigerecaptivampatriamct
1683 4153 1801 4209 frustari

93 4254 222 4306 mentem
246 4249 323 4321 quod
352 4248 532 4320 praecipuum
555 4252 599 4304 est
618 4248 746 4303 latemur
766 4264 830 4304 esse
855 4265 921 4306 cum
977 4249 1101 4306 alterum
1116 4246 1318 4303 aelio.Pormia
1332 4249 1360 4300 et
1374 4247 1471 4317 preda
1485 4246 1541 4301 erit
1554 4245 1658 4315 boc,et
1672 4243 1697 4299 si
1714 4242 1803 4298 dene·

92 4337 176 4396 beot
192 4338 267 4394 Sunt
288 4337 376 4393 etiam
392 4336 503 4409 exiguas
518 4335 650 4392 volucres
666 4342 694 4392 et
717 4336 843 4409 providae
858 4354 922 4410 quas
976 4341 1026 4411 get
1040 4336 1116 4410 quis,
1129 4335 1226 4408 potius
1240 4338 1285 4389 est
1299 4334 1405 4389 ducere
1419 4332 1526 4405 pellere
1540 4333 1699 4405 primatum
1713 4346 1803 4402 quam

91 4429 191 4501 vigent
205 4425 326 4483 solertia
339 4429 368 4482 et
382 4426 491 4498 quibus
507 4425 619 4482 ceditur
636 4426 710 4482 lerre
725 4442 852 4497 perenne
867 4444 922 4482 cua·
978 4426 1101 4484 auferre.
1115 4432 1159 4478 An
1175 4423 1269 4479 levius
1284 4439 1301 4478 a
1316 4421 1432 4494 proprie
1445 4438 1503 4477 uon
1521 4422 1575 4476 lert
1589 4419 1687 4476 exulat
1702 4417 1752 4491 qui
1767 4417 1803 4473 li·
1886 4472 1892 4481 ,

92 4518 216 4575 libatum
230 4532 281 4589 per
295 4532 393 4585 auras,
411 4531 475 4587 que
488 4514 588 4573 colunt
604 4514 773 4571 Stratilaten
790 4514 819 4570 in
835 4532 878 4582 ae,
893 4520 922 4573 et
939 4531 963 4601 p
978 4515 1056 4573 mine
1067 4517 1177 4570 tractus
1187 4512 1329 4584 premitur
1344 4511 1451 4582 inipso
1467 4515 1499 4566 ut
1510 4510 1579 4565 baro
1589 4525 1678 4580 quarn
1693 4508 1743 4580 qui
1755 4523 1803 4565 ru·

92 4608 221 4664 reddunt
244 4605 342 4660 debita
368 4604 517 4660 Stralitati.
544 4606 635 4669 Quem
660 4607 688 4660 et
713 4609 815 4660 ceterae
841 4622 924 4660 mon·
980 4604 1071 4662 sticus
1095 4600 1215 4658 alterius
1231 4599 1303 4654 inibi
1327 4600 1506 4655 condensare
1525 4599 1636 4671 primos
1659 4614 1733 4669 quos
1748 4595 1805 4652 sibi

94 4699 190 4753 strant
215 4694 357 4767 sospitem
380 4693 405 4748 si
429 4693 490 4749 sint
514 4693 634 4750 alacres.
650 4694 705 4749 Pro
729 4695 815 4766 cujus
838 4694 926 4750 etiam
981 4697 1126 4751 struxerat
1140 4691 1251 4760 absque
1265 4687 1350 4758 cujus
1369 4689 1437 4758 jure
1451 4703 1488 4743 ne
1503 4702 1607 4759 purum
1622 4684 1808 4758 permordeat

93 4786 196 4842 iuuere
224 4784 250 4839 si
265 4784 314 4852 sit,
340 4798 443 4838 rursus
468 4781 616 4854 squalent.
634 4782 689 4837 Sed
714 4782 738 4839 si
763 4782 927 4839 discedata
980 4781 1048 4837 inde
1064 4780 1107 4837 vel
1123 4778 1174 4851 qui
1187 4777 1313 4832 vadatus
1329 4775 1467 4833 numellis
1477 4780 1505 4832 et
1514 4773 1736 4832 absteniisdum
1747 4773 1807 4829 sint
1858 4796 1860 4801 ¹

92 4871 220 4946 propriis
232 4876 344 4929 cuncte
365 4871 504 4942 linquunt
519 4869 610 4925 acrias
634 4887 701 4927 cum
717 4887 775 4943 quo
791 4876 926 4928 externas
980 4874 1087 4925 cuncta
1111 4867 1208 4922 diruta
1220 4863 1313 4920 cernit
1326 4863 1452 4921 mulcere
1477 4864 1625 4939 propriam
1641 4868 1806 4919 matronam

92 4962 171 5035 piget
186 4979 235 5018 eas
252 4977 304 5017 nee
319 4959 468 5033 inquirere
482 4959 577 5014 sedes.
590 4958 700 5031 Nempe
715 4960 849 5033 popellus
860 4976 925 5033 pre·
980 4957 1110 5027 saviis‚et
1124 4954 1231 5011 sentiat
1245 4957 1379 5024 nepotem
1394 4953 1421 5007 vi
1433 4970 1619 5027 corrumpere
1629 4953 1806 5009 himenaeum

91 5052 154 5109 ficit
164 5050 219 5106 sub
230 5049 332 5107 sedulo
343 5052 449 5105 etCato
459 5047 533 5104 duce
544 5049 607 5104 aine
617 5063 676 5119 quo
688 5047 833 5105 instructa
846 5049 925 5122 regie
980 5065 1039 5105 suae
1055 5044 1182 5114 familie,
1198 5041 1372 5114 quinetiam
1388 5048 1417 5098 et
1430 5042 1567 5099 deludere
1590 5050 1807 5115 processeram

92 5139 270 5198 exinanitur.
980 5130 1331 5206 seductaspeclieutelae.
1364 5139 1369 5145 '

126 5229 231 5287 Desine
246 5243 324 5284 nune
348 5230 457 5299 coeptes
481 5229 509 5282 et
534 5229 616 5283 utere
640 5226 750 5282 nostris
776 5227 924 5284 sensibus.
1015 5222 1137 5280 Difficile
1152 5219 1288 5277 estalicui
1303 5205 1439 5275 invade're
1455 5236 1578 5291 regnum
1594 5214 1690 5273 sihrec
1702 5215 1809 5286 arguat

88 5319 177 5378 Juvat
202 5320 311 5374 memet
334 5332 412 5371 nuno
430 5316 511 5373 fabre
535 5315 693 5389 suggillare
708 5332 758 5373 eos
782 5319 925 5388 pequates
980 5329 1067 5386 quern
1084 5310 1208 5368 delectat
1234 5307 1376 5381 pilemum
1393 5307 1463 5379 quid
1480 5305 1546 5360 hinc
1571 5309 1617 5360 est
1632 5301 1809 5360 oriendum‘l

89 5410 163 5479 (aie).
179 5407 201 5461 0
217 5421 293 5477 quos
307 5408 354 5460 sat
368 5407 414 5459 est
438 5404 601 5462 distrahere
615 5404 705 5461 eticae
731 5404 837 5461 vostris
852 5404 926 5460 emi·
978 5408 1052 5463 sorte
1076 5401 1187 5456 interea
1201 5400 1317 5470 oppetat
1341 5400 1369 5451 et
1384 5394 1502 5448 decedet
1518 5393 1655 5462 barathro
1668 5410 1675 5460 ·,
1687 5391 1737 5447 sed
1757 5405 1798 5462 qu

94 5494 199 5555 cadiis.
225 5491 390 5558 Quorsuml
406 5496 439 5547 ut
453 5493 574 5565 possitis
596 5494 656 5550 lere
678 5494 722 5550 vel
738 5491 924 5566 symboloues
978 5491 1073 5547 inhiat
1086 5489 1247 5560 descriptos
1257 5498 1396 5540 moereres
1406 5498 1509 5553 parare
1517 5482 1628 5538 catoris
1637 5485 1687 5537 aut
1695 5480 1810 5552 ignorat

93 5584 316 5659 magnatumln
331 5597 459 5653 querum
472 5580 751 5643 tationebumtaxat
766 5599 848 5657 nugae
859 5582 923 5641 red·
978 5596 1129 5650 avernum,
1145 5582 1197 5635 aut
1211 5571 1376 5648 impavidus
1391 5574 1532 5645 expectat.
1545 5571 1636 5637 Quem
1653 5570 1716 5645 ipse
1731 5570 1811 5626 sator
