3908 6096
113 285 170 343 'ill
395 280 603 343 expostulo
626 280 664 340 ΙΝ
689 279 902 340 aristatas
925 281 1051 342 exuti.
1070 315 1107 324 -
1133 282 1172 341 ΙΝ
1194 283 1320 343 uulsa.
1344 283 1396 343 ΑΙ)
1419 284 1537 344 HUBR.
1761 289 1819 345 itt

116 413 235 486 eosqui
248 412 352 469 timore
360 413 463 468 mortis
474 429 525 486 per
535 416 625 467 totam
633 411 721 467 vitam
732 411 847 468 obnoxii
859 416 941 468 erant
954 414 980 480 Α
996 412 1073 479 lecit,
1090 412 1140 484 qni
1156 415 1238 470 sodet
1254 415 1282 469 in
1295 415 1413 470 dextera
1423 415 1528 470 Patris.
1541 415 1597 471 lete
1608 420 1818 485 tantus,ettam

118 503 293 560 servituti.»
310 504 402 567 Quare
417 502 553 569 tremitiS,
566 517 656 572 quare
671 502 781 557 timetis
800 518 864 557 cam
881 519 944 572 quaa
1000 502 1185 570 miserabilis,
1199 506 1296 558 etlam
1309 503 1583 576 gloriosus,tantum
1595 509 1700 560 nostra
1717 505 1822 563 salutis

112 593 180 665 jam
196 592 390 648 condemnata
414 590 481 649 est?
504 594 569 645 tam
587 589 725 645 terribilis
749 607 806 645 non
823 594 876 656 est,
894 590 943 646 sed
999 607 1099 646 curam
1116 591 1218 646 hahuit
1233 597 1265 647 ut
1280 592 1367 649 irater
1382 598 1481 648 noster
1496 593 1525 648 in
1541 593 1679 651 omnibus
1695 595 1786 665 lieret,
1794 600 1822 651 et

118 681 269 755 optabilis,
286 680 370 752 quasi
379 679 512 736 laborum
525 678 591 734 finis
602 683 631 734 et
639 679 748 751 requiei
758 679 946 736 initium.Cur
1000 685 1116 753 propter
1127 679 1181 735 hoc
1190 679 1309 751 angelos
1318 681 1534 752 quodammodo
1546 681 1673 753 reliquit,
1692 683 1822 755 aliasque

119 770 180 827 ait:
198 794 212 822 «
226 771 343 826 Timore
357 769 460 827 mortis
470 784 522 840 per
531 770 622 825 totam
634 768 723 824 vitam
735 767 852 825 obnoxii
863 773 947 824 erant
1000 768 1138 824 coelorum
1154 768 1286 834 virtutes,
1317 774 1349 824 ut
1364 786 1416 824 nos
1441 771 1681 842 apprehenderet,
1697 775 1725 828 et
1740 789 1821 829 ovem

119 860 257 917 servituri
271 860 284 913 ‘l
300 881 315 907 a
331 856 409 913 Servi
433 857 579 928 siquidem
604 856 722 914 luerunt
746 859 859 929 mortis,
877 858 947 931 quia
1000 859 1154 929 perditam,
1172 857 1306 929 passione
1322 858 1543 928 suainventam,
1555 859 1686 915 humeris
1701 860 1822 933 imposi-

120 954 248 1005 mortem
265 946 417 1013 timebant,
433 950 462 1001 ct
477 946 602 1002 necdum
613 952 697 1003 erant
708 947 796 1003 soluti
811 964 828 1003 a
842 947 946 1003 timore
999 951 1060 1002 tam
1076 949 1236 1018 reportaret
1248 945 1283 1000 ad
1295 946 1440 1002 coelestem
1455 948 1581 1019 patriam
1597 950 1672 1020 (Luc.
1688 967 1733 1017 xv,
1746 951 1772 1020 l,
1783 951 1822 1022 5).

121 1037 236 1107 mortis,
248 1035 457 1108 cujuelegihus
467 1036 842 1109 tenebantur.Nuncitaque
853 1036 945 1092 saneti
1000 1034 1052 1089 Hic
1067 1051 1132 1091 vero
1146 1039 1258 1103 tantus,
1274 1038 1302 1090 et
1318 1035 1384 1090 talis
1395 1036 1531 1094 sacerdos
1543 1040 1641 1093 noster
1656 1037 1717 1093 [ieri
1732 1037 1824 1094 voluit

121 1124 396 1198 deridenteam,qui
407 1141 499 1198 agone
511 1128 809 1195 transacto,etmcrte
824 1126 945 1193 devicta,
1000 1123 1078 1196 apud
1094 1123 1220 1190 Patrem,
1238 1124 1365 1195 seipsum
1383 1123 1506 1180 offerens
1518 1143 1570 1198 pro
1586 1127 1681 1182 nobis.
1698 1127 1824 1184 Proinde

122 1215 161 1272 ad
176 1230 297 1286 regnum
323 1213 475 1270 transituri
505 1217 583 1270 sunt.
608 1213 690 1270 Unde
718 1218 747 1270 et
761 1214 822 1286 ipse
837 1213 947 1270 Paulus
1001 1216 1119 1268 secutus
1136 1212 1282 1267 etinfert:
1301 1212 1337 1267 Ut
1352 1235 1366 1262 α
1390 1212 1555 1269 misericors
1571 1215 1662 1283 fieret,
1679 1220 1707 1271 et
1728 1215 1824 1273 lldelis

123 1303 165 1360 ait
177 1321 184 1360 ι
196 1327 210 1355 a
221 1302 314 1376 Cupio
324 1302 454 1373 dissolvi,
470 1307 499 1357 et
513 1318 578 1358 esse
592 1318 658 1357 cum
674 1301 787 1358 Christo
799 1303 913 1375 (Philip.
927 1319 945 1374 r,
1001 1301 1160 1375 pontisexa
1175 1307 1240 1368 Deo,
1269 1306 1301 1356 ut
1324 1300 1526 1373 repropitiaret
1553 1302 1659 1359 delicta
1681 1302 1790 1377 populi.
1810 1327 1824 1355 a

122 1393 208 1464 23),»
603 1400 610 1408 ·
1001 1394 1122 1462 Propter
1136 1389 1201 1460 hoc,
1226 1388 1333 1460 inquit,
1362 1406 1480 1446 caruem
1505 1393 1667 1463 assumpsit
1680 1398 1824 1465 nostram,

163 1503 176 1531 a
191 1479 347 1552 Nunquam
359 1479 437 1535 enim
449 1479 568 1552 angelos
579 1481 836 1553 apprehendit,sed
847 1498 946 1538 semen
1002 1478 1355 1552 proptermisericordiam
1365 1478 1504 1542 solam,ut
1511 1496 1562 1550 pro
1570 1480 1677 1536 nostris
1688 1483 1825 1555 interpel-

125 1568 248 1625 Abraha
261 1567 463 1640 apprehendit.
491 1570 572 1625 Unde
594 1569 695 1625 debuit
713 1587 763 1642 per
778 1570 877 1625 omnia
891 1571 947 1626 lra-
1002 1567 1448 1639 laretpeccatis.Nonestenim
1462 1568 1825 1642 magistotiushujusmi·

126 1656 397 1714 tribusassimilari.
411 1680 425 1708 a
436 1658 545 1713 idcirco
557 1659 948 1732 namqueRedemptornos·
1003 1657 1095 1711 reuda
1110 1655 1340 1727 dispensationis
1365 1672 1454 1712 causa
1469 1673 1559 1727 quam
1581 1657 1643 1714 haec
1659 1659 1730 1715 sola.
1748 1660 1827 1715 Vidit

124 1751 182 1812 ter,
194 1763 252 1803 non
264 1746 397 1820 angelus,
409 1747 459 1802 sed
471 1746 558 1802 homo
569 1749 664 1804 lactus
679 1749 805 1820 est‚quin
816 1749 870 1804 hoc
881 1767 950 1822 pro·
1004 1745 1111 1817 quippe
1126 1744 1289 1800 hamanum
1305 1761 1399 1817 genus
1410 1745 1439 1800 in
1451 1745 1500 1800 ira
1511 1745 1590 1802 sumo
1598 1748 1712 1818 jacens,
1728 1766 1827 1821 pecca-

126 1834 173 1892 cul
185 1834 274 1890 dubio
286 1835 346 1891 fieri
357 1835 468 1901 debuit,
484 1836 561 1908 quod
574 1837 707 1905 redemit,
721 1841 754 1892 ut
763 1842 790 1892 et
801 1839 949 1910 perditum
1003 1838 1098 1890 torum
1109 1833 1231 1889 vinculis
1241 1833 1826 1909 ligatum,mortiobnoxium,tyrannidem

127 1923 265 1997 angelum
277 1940 335 1980 non
346 1924 592 1998 apprehendendo
603 1926 790 1991 desereret,et
800 1927 950 1987 homiuem
1004 1922 1129 1997 patiens,
1145 1926 1173 1979 et
1189 1923 1328 1979 misertus
1343 1925 1474 1995 catejas,
1490 1923 1566 1979 sicut
1581 1923 1675 1981 fidelis
1686 1928 1825 1996 pontifex.

124 2012 949 2086 insemetipsoapprehendendorepararet.Multamenim
1004 2013 1066 2068 Non
1082 2011 1182 2084 itaque
1197 2010 1253 2066 alia
1268 2012 1324 2066 luit
1339 2029 1427 2067 causa
1449 2012 1491 2067 illi
1507 2029 1558 2084 per
1573 2013 1672 2069 omnia
1687 2014 1827 2072 iratribus

127 2099 178 2157 Dei
193 2101 422 2157 misericordiam
433 2101 531 2158 volens
543 2102 698 2175 Apostolus
710 2103 913 2161 demonstrare
922 2110 952 2161 et
1005 2100 1234 2168 assimilari,nisi
1250 2105 1283 2155 ut
1298 2099 1394 2156 fidelis
1408 2100 1633 2172 pontileaesaet,
1652 2124 1666 2156 e
1681 2102 1798 2173 Fidelis,
1812 2128 1826 2156 υ

127 2189 311 2258 charitatem,
327 2207 416 2264 quarn
441 2190 518 2247 circa
540 2207 633 2264 genus
657 2191 821 2247 humanum
837 2193 951 2264 habuit,
1005 2188 1086 2255 dicit,
1101 2189 1155 2245 hoc
1170 2194 1225 2257 est,
1239 2206 1324 2245 verus
1340 2194 1368 2244 et
1383 2194 1495 2261 potens.
1508 2190 1702 2247 Ministerium
1718 2194 1827 2266 quippe

127 2283 283 2352 postquam
296 2277 386 2334 dixit:
400 2300 414 2329 α
425 2279 569 2343 Quoniam
579 2295 647 2352 ergo
658 2279 740 2352 pueri
751 2282 952 2341 communica·
1006 2278 1166 2334 sacerdotis
1181 2284 1226 2335 est
1240 2276 1355 2333 fidelem
1369 2294 1439 2334 vesse
1461 2282 1494 2333 ut
1509 2279 1600 2350 possit
1624 2296 1684 2351 eos,
1700 2297 1827 2353 quorum

128 2371 235 2424 verunt
249 2368 329 2424 carni
344 2371 374 2423 et
387 2367 567 2441 sanguini,et
577 2368 638 2440 ipse
649 2367 787 2426 similiter
795 2371 951 2445 participa·
1006 2370 1050 2423 est
1064 2367 1209 2434 sacerdos,
1226 2365 1350 2423 liberare
1366 2383 1383 2421 a
1398 2367 1534 2439 peccatis.

127 2457 171 2512 vit
186 2457 312 2514 eisdem:
331 2458 524 2530 »exsequitur
534 2458 663 2530 amplius
673 2458 750 2514 hunc
761 2475 952 2531 eonsumma—
1041 2455 1167 2511 Proinde
1182 2456 1217 2511 de
1231 2456 1295 2526 ejus
1321 2458 1449 2527 potentia
1472 2457 1658 2529 submitte,
1674 2459 1826 2528 abjunxit:

131 2546 168 2602 de
183 2545 370 2618 participaret
385 2562 500 2601 carnem
517 2551 546 2602 et
560 2546 745 2618 sanguinem,
767 2551 795 2602 et
810 2550 871 2604 ait:
890 2550 951 2607 Non
1008 2569 1021 2596 a
1039 2547 1068 2600 ln
1085 2545 1223 2610 ananim,
1253 2545 1281 2599 in
1310 2562 1367 2617 quo
1396 2562 1502 2617 passus
1526 2550 1570 2602 est
1599 2547 1827 2620 ipse,tentatus,

130 2635 210 2691 enim
223 2651 403 2707 quemquam
425 2635 594 2706 angelorum
621 2635 822 2708 apprehendit,
848 2643 954 2694 utana
1007 2640 1109 2708 potens
1126 2638 1171 2689 est
1185 2638 1213 2689 ot
1227 2633 1269 2689 eis
1285 2633 1334 2705 qui
1349 2638 1479 2689 tentatur
1503 2634 1646 2691 auxiliari.
1662 2659 1676 2686 »
1692 2638 1722 2692 ln
1739 2654 1782 2704 eo,
1800 2639 1827 2694 id

130 2739 256 2795 persona
271 2722 321 2778 Dei
342 2721 431 2777 Filius
455 2726 566 2778 natura
590 2739 690 2778 eorum
715 2725 951 2797 conjungeretur,
1009 2728 1064 2790 est,
1080 2722 1209 2789 homine,
1225 2723 1253 2777 in
1269 2739 1327 2793 quo
1343 2739 1449 2792 passus
1463 2727 1517 2788 est,
1534 2729 1637 2796 potens
1660 2731 1703 2781 est
1718 2727 1830 2783 vinctos

130 2811 275 2868 sedhnnc
298 2811 435 2866 honorem
460 2814 488 2866 et
516 2811 591 2867 hanc
615 2811 787 2883 dignitatem
817 2812 952 2870 humanae
1009 2813 1142 2880 liberare,
1159 2816 1343 2882 tentatosque
1358 2811 1495 2881 adjuvare
1519 2829 1554 2867 ne
1572 2813 1742 2870 vincantur:
1761 2816 1830 2888 quia

131 2905 241 2956 natura
265 2901 351 2965 Deus,
377 2900 428 2955 Uei
457 2900 559 2968 Filius,
589 2901 732 2971 attribuit,
762 2906 794 2956 ut
820 2906 896 2958 Deus
925 2907 953 2958 et
1008 2901 1183 2958 tentationes
1200 2897 1827 2970 nostrasnonsclumsieutDeusnovit,sed

130 2990 220 3046 homo
236 3006 294 3045 una
322 2992 400 3045 esset
423 3003 558 3060 persona.
587 2989 681 3052 Quare
709 3005 766 3044 non
786 2989 869 3056 dixit,
886 3008 951 3046 sus·
1010 2991 1097 3046 etiam
1114 2990 1191 3045 sicut
1205 2987 1292 3044 homo
1307 2987 1337 3042 iu
1353 2988 1449 3060 seipso
1461 3005 1515 3059 per
1534 2990 1764 3061 experimentum
1780 2992 1840 3049 eo-'

131 3078 231 3152 cepit?
259 3077 374 3134 Scilicet
410 3077 467 3133 isto
495 3077 582 3132 verbo
620 3095 691 3133 usus
726 3081 780 3145 est,
811 3078 866 3134 hoc
895 3084 949 3148 est,
1009 3076 1249 3151 gnevit.Etlioet
1269 3082 1345 3132 Deus
1366 3076 1396 3132 in
1426 3094 1480 3133 sua
1504 3081 1610 3134 natura
1625 3079 1831 3153 impassibilis,

131 3168 335 3241 apprehendit,
365 3166 434 3239 quia
462 3183 516 3221 nos
544 3167 628 3238 quasi
652 3167 818 3223 recedentes
845 3169 880 3224 ab
907 3186 951 3238 eo,
968 3148 990 3214 G
1008 3172 1106 3223 tamen
1131 3166 1160 3220 in
1188 3169 1295 3234 nostra,
1322 3182 1410 3237 quam
1437 3167 1609 3238 assumpsit,
1636 3167 1713 3225 idern
1736 3169 1828 3226 Filius

128 3261 158 3313 et
173 3257 258 3329 longe
273 3256 428 3328 fugientes,
442 3271 561 3311 eramus
572 3254 676 3327 longe;
692 3256 843 3312 insecutus
855 3275 955 3331 appre-
1007 3255 1157 3328 passibilis
1172 3255 1236 3321 luit,
1254 3259 1340 3327 atque
1356 3261 1462 3309 nostrae
1478 3259 1587 3311 natura
1602 3257 1775 3315 consimilis.
1798 3260 1830 3314 ln

129 3346 243 3414 bendit,
257 3348 286 3401 et
300 3345 430 3400 ianuam
443 3361 598 3416 personam
609 3349 714 3401 nostre
726 3344 954 3418 fragilitatisna·
1009 3362 1043 3401 ea
1057 3361 1123 3399 vero
1139 3360 1234 3410 carne,
1260 3360 1349 3416 quam
1370 3345 1506 3415 suscepit,
1532 3345 1624 3402 multa
1639 3364 1714 3403 saeva
1725 3364 1832 3420 passus

130 3440 231 3491 turam
246 3433 302 3489 sibi
328 3433 566 3506 contemperavit.
591 3432 664 3489 Mira
687 3435 863 3506 conjunctio,
883 3438 954 3492 dum
1010 3439 1063 3490 est.
1081 3433 1165 3488 Novit
1176 3433 1245 3504 quid
1257 3432 1295 3488 sit
1309 3433 1630 3506 tribulatic,novitquid
1643 3436 1680 3491 sit
1690 3436 1831 3506 tentatio;

131 3527 240 3579 eterno
257 3528 285 3578 ct
300 3521 457 3578 immortali
475 3521 606 3578 mortalis
619 3525 766 3580 adunatus
780 3524 842 3580 estl
859 3526 956 3589 Quan-

134 3617 197 3669 tum
213 3610 390 3667 festinaverit
401 3611 477 3667 circa
488 3615 624 3667 naturam
635 3612 937 3683 humanam,osteudit
948 3635 955 3672 :

133 3704 163 3758 et
177 3699 316 3773 quoniam
328 3699 422 3756 multa
431 3717 501 3756 cura
511 3705 555 3756 est
570 3705 625 3756 Deo
638 3701 674 3756 de
684 3700 744 3770 illa,
756 3702 798 3758 sic
808 3704 896 3759 etiarn
909 3704 956 3760 hic

134 3790 227 3846 multo
240 3788 509 3861 ampliusest,quod
523 3789 604 3862 ponit
618 3807 653 3846 cx
664 3792 956 3869 comparationeNon

134 3879 212 3935 enim
228 3878 399 3951 angelorum
410 3895 589 3950 quemquam
600 3878 804 3951 apprehendit,
816 3884 844 3936 et
859 3898 958 3937 revere

133 3970 310 4039 magnumst
318 3966 484 4021 mirarabile
492 3971 646 4038 etstupore
653 3966 773 4038 plenum
782 3975 956 4038 est,oarnem

133 4062 264 4112 nostram
280 4070 399 4111 sursum
424 4055 534 4117 sedere,
552 4057 580 4110 et
604 4054 719 4111 adorari
738 4057 773 4112 ab
789 4057 912 4130 angelis,
929 4062 958 4113 et

132 4143 329 4218 archangelis,
345 4147 374 4200 et
397 4142 559 4214 cherubim,
585 4149 613 4199 et
637 4144 795 4216 seraphim.
812 4149 873 4202 Hoc
889 4162 958 4219 ergo

133 4235 281 4307 saepiusin
290 4237 387 4290 mente
396 4233 572 4289 versandum
582 4233 797 4290 etlaudandum
807 4240 852 4292 est
863 4236 956 4293 valde.

134 4321 209 4390 Quin
224 4338 282 4377 non
297 4321 379 4389 dixit,
395 4320 543 4387 homiues,
559 4321 741 4394 simpliciter,
754 4324 956 4396 apprehendit,

135 4411 186 4467 sed
205 4432 219 4461 a
230 4427 329 4467 semen
339 4409 474 4480 Abrahae,
486 4414 539 4465 »at
554 4409 678 4466 honorat
689 4411 736 4467 hic
750 4413 957 4484 patriarcham,

136 4587 269 4661 Epistola
279 4588 389 4660 scripta
398 4593 452 4645 est.
463 4588 678 4645 Commemorat
689 4590 724 4645 dc
734 4590 883 4647 beneficiis
898 4592 960 4659 Dei,

135 4681 166 4733 et
181 4679 217 4732 de
231 4678 425 4750 propinquate
447 4677 556 4732 carneli
571 4678 607 4732 ad
622 4677 782 4746 Christum,
799 4686 828 4735 et
843 4682 878 4736 de
894 4698 960 4752 pro·

137 4767 289 4834 missione,
306 4784 368 4840 qna
384 4767 462 4823 dicta
472 4770 517 4822 est
531 4767 566 4821 ed
579 4766 745 4827 Abraham:
762 4792 776 4819 «
794 4768 858 4824 Tibi
874 4775 902 4826 et
917 4787 960 4826 se·

137 4854 212 4911 mini
227 4861 278 4911 tuo
302 4855 377 4911 dabo
394 4861 502 4911 terram
531 4855 606 4910 hanc
630 4854 705 4926 (Cen.
721 4873 771 4925 xu,
800 4858 839 4929 7).
855 4879 869 4906 o
886 4860 960 4924 Quia

137 4960 173 5000 ex
190 4961 246 5001 uno
263 4961 376 5010 onrnes,
392 4945 421 5000 id
437 4949 491 5013 est,
503 4961 538 5000 ex
552 4943 699 5000 Abraham
711 4943 845 5002 Christus
860 4964 961 5003 secun·

137 5032 209 5088 dum
225 5050 353 5103 carnem,
370 5039 398 5090 et
413 5032 465 5104 illi,
482 5034 517 5088 ad
535 5049 609 5104 quos
622 5031 682 5088 hnc
698 5032 838 5104 loquitur.

176 5143 191 5174 a
207 5123 288 5179 Unde
303 5124 404 5179 debuit
417 5138 469 5195 per
484 5120 583 5177 omnia
607 5121 745 5177 iratribus
761 5122 929 5178 assimilari.
946 5143 960 5176 a

1011 3524 1060 3580 sed
1079 3539 1128 3595 per
1144 3521 1314 3594 patientiam
1329 3522 1406 3578 vicit.
1422 3523 1486 3595 Ipse
1500 3539 1566 3579 vero
1577 3528 1708 3582 tentatus
1722 3526 1831 3592 est,sed

1012 3630 1069 3669 non
1083 3615 1249 3683 superatus.
1266 3611 1339 3677 Quid
1365 3628 1434 3684 ergo
1459 3616 1504 3668 est
1526 3614 1603 3683 quod
1620 3614 1709 3671 dicit:
1726 3615 1833 3671 Potens

1012 3718 1072 3767 eos,
1088 3700 1137 3771 qui
1155 3705 1293 3766 tentatur,
1319 3700 1457 3771 adjuvare
1479 3701 1644 3775 ‘lTanquam
1661 3703 1686 3759 si
1701 3703 1832 3760 diceret:

1011 3792 1084 3847 Cum
1100 3789 1192 3844 multa
1206 3788 1355 3844 alacritate
1371 3790 1519 3861 protendit
1534 3807 1654 3847 manum
1666 3793 1702 3847 ad
1719 3808 1834 3864 compa-

1011 3879 1155 3933 tiendum.
1872 3945 1879 3954 ⁵

1048 3967 1125 4038 (Car.
1143 3966 1205 4035 ΙΙΙ.)
1224 3988 1237 4015 a
1255 3965 1346 4031 Unde,
1364 3967 1467 4022 iratres
1483 3968 1588 4034 sancti,
1604 3968 1762 4024 vocationis
1777 3985 1834 4023 ca·

1012 4055 1094 4112 lestis
1118 4052 1285 4127 participes,
1304 4054 1486 4111 considerate
1499 4055 1682 4127 Apostolum,
1696 4056 1833 4111 etPonti·

1013 4145 1096 4201 ficem
1113 4141 1304 4199 consessionis
1317 4147 1422 4198 nostra
1432 4144 1544 4199 Jesurn.
1562 4167 1576 4194 »
1589 4144 1689 4201 Adbuc
1701 4145 1788 4201 etiam
1798 4144 1835 4201 de

1013 4232 1223 4289 incarnationis
1237 4231 1343 4288 Christi
1360 4230 1492 4305 loquitur
1504 4234 1652 4306 mysterio.
1675 4235 1747 4290 Nam
1763 4238 1791 4290 et
1805 4234 1836 4291 in

1013 4321 1167 4395 Evangelio
1182 4320 1245 4393 ipse
1256 4325 1381 4377 testatur
1391 4339 1422 4378 se
1434 4322 1561 4379 missum
1574 4340 1632 4379 non
1644 4340 1717 4388 esse,
1730 4323 1787 4379 nisi
1799 4322 1835 4378 ad
1942 4308 1946 4317 ¹

1014 4427 1081 4467 oves
1098 4410 1226 4483 perditas
1251 4410 1356 4466 domus
1382 4411 1469 4468 israel
1494 4413 1604 4483 (matth.
1625 4429 1672 4484 xv,
1686 4413 1742 4483 24).
1759 4412 1837 4483 Apo·

136 4503 225 4571 atque
240 4515 290 4555 eos
305 4499 356 4571 qui
385 4499 420 4554 da
444 4500 509 4571 ejus
527 4504 597 4555 suut
619 4515 733 4572 genere,
759 4502 795 4557 ad
809 4518 883 4575 quos
898 4501 959 4559 hae
976 4515 999 4580 Ι)
1015 4500 1108 4557 stolus
1123 4499 1213 4572 igitur
1228 4499 1377 4567 hebraice,
1403 4501 1504 4557 Latine
1530 4502 1638 4557 dicitur
1658 4503 1769 4557 misses.
1785 4503 1837 4555 Co-

1014 4589 1144 4663 gnoscite
1159 4587 1229 4659 quid
1246 4592 1291 4643 est
1305 4591 1391 4644 lesus
1404 4593 1433 4644 et
1449 4589 1554 4661 qualis,
1573 4595 1602 4645 et
1616 4606 1674 4645 aon
1689 4588 1838 4645 habebitis

1016 4695 1090 4751 opus
1104 4677 1300 4734 consolatione
1324 4677 1392 4742 alia,
1419 4695 1512 4750 neque
1536 4678 1649 4734 solatio.
1668 4678 1838 4735 Pontificem

1016 4784 1083 4824 eum
1100 4767 1172 4822 dixit
1186 4766 1376 4821 consessionis
1403 4772 1520 4834 nostra,
1536 4768 1563 4822 id
1578 4773 1622 4823 est
1637 4768 1704 4824 fidei
1721 4772 1839 4836 nostras,
1893 4808 1898 4817 .

1017 4857 1063 4914 cui
1079 4856 1134 4910 iste
1145 4854 1271 4926 populus
1290 4872 1381 4910 novus
1406 4861 1450 4911 est
1465 4857 1733 4924 commissus,sicut
1747 4853 1839 4928 Moysi

1018 4945 1097 5018 prior
1112 4940 1238 5014 populus
1251 4942 1280 4996 in
1297 4942 1425 5014 regimen
1450 4946 1536 5000 datus
1552 4951 1604 5001 est.
1621 4945 1676 5001 Sed
1692 4945 1762 5000 huic
1777 4957 1839 4998 ma·

1014 5034 1091 5104 j0ra‚
1108 5029 1150 5085 vel
1171 5030 1255 5101 longe
1278 5030 1398 5087 meliora
1412 5035 1570 5088 commissa
1585 5039 1664 5089 sunt.
1676 5031 1745 5086 Vult
1760 5028 1838 5085 enim

1018 5117 1635 5193 beatasPaulusapostoluserigereauimoe
1643 5117 1839 5175 israelitarum

137 5211 213 5278 Quid
228 5215 283 5280 est,
301 5233 315 5263 «
331 5228 382 5284 per
396 5211 494 5267 omnia
508 5232 522 5261 a
537 5210 629 5265 Natus
644 5215 697 5277 ost,
709 5211 961 5281 educatuscrevit,
1019 5210 1053 5264 ad
1061 5206 1260 5264 excellentiam
1272 5209 1500 5277 promissionum
1512 5209 1608 5275 Dei,ut
1619 5209 1727 5262 intente
1738 5208 1841 5278 parent

138 5316 247 5373 passus
261 5305 306 5357 est
320 5302 419 5373 etiam,
431 5305 459 5357 et
470 5303 615 5363 mortuus,
632 5303 666 5354 ut
680 5300 843 5370 peremnia
858 5301 964 5359 similis
1019 5315 1050 5354 ee
1066 5296 1206 5367 accipere,
1222 5296 1300 5367 quod
1317 5301 1393 5352 Deus
1418 5297 1542 5369 benigne
1564 5295 1622 5350 illis
1646 5294 1781 5367 promisit
1795 5295 1840 5350 al-

139 5393 220 5446 esset
234 5390 384 5463 fratribus,
409 5390 459 5461 qui
475 5387 646 5461 hujusmodi
665 5387 825 5445 conditioni
841 5391 964 5463 subJecti
1020 5388 1103 5453 serre,
1121 5383 1277 5439 nominans
1292 5401 1341 5441 eos
1365 5386 1470 5441 iratres
1485 5383 1685 5451 charissimos,
1699 5383 1738 5463 ad
1753 5380 1841 5440 coele-

141 5480 223 5548 sunt,
239 5480 376 5554 superius
391 5478 470 5535 enim
484 5478 556 5534 dicit
570 5476 755 5550 splendorem
771 5493 839 5536 eum
853 5480 964 5553 gloriae,
1020 5474 1077 5530 stin
1096 5478 1225 5540 vocatos,
1250 5473 1407 5546 participes
1431 5488 1498 5528 cum
1520 5471 1635 5528 Christo
1663 5471 1841 5530 hereditatis

143 5572 173 5633 et
187 5574 314 5649 paterna
330 5566 502 5628 substantia
526 5567 661 5640 figuram,
686 5582 737 5639 per
757 5582 844 5641 quem
859 5568 966 5631 secula
1019 5563 1082 5639 Dei,
1102 5562 1180 5640 equi
1193 5561 1288 5622 lldelis
1303 5568 1348 5623 est
1370 5565 1407 5637 ei,
1425 5582 1437 5616 i
1454 5561 1485 5620 id
1511 5564 1566 5634 est,
1582 5565 1640 5621 Deo
1655 5560 1742 5636 Patri,
1758 5583 1773 5618 a
1789 5561 1841 5643 qut
