<?xml version="1.0" encoding="UTF-8"?>
<!DOCTYPE html PUBLIC "-//W3C//DTD XHTML 1.0 Transitional//EN"
    "http://www.w3.org/TR/xhtml1/DTD/xhtml1-transitional.dtd">
<html xmlns="http://www.w3.org/1999/xhtml" xml:lang="en" lang="en">
 <head>
  <title>
</title>
<meta http-equiv="Content-Type" content="text/html;charset=utf-8" />
  <meta name='ocr-system' content='tesseract 3.04.00' />
  <meta name='ocr-capabilities' content='ocr_page ocr_carea ocr_par ocr_line ocrx_word'/>
</head>
<body>
  <div class='ocr_page' id='page_1' title='image "./patrologiaecurs77unkngoog/patrologiaecurs77unkngoog_0109.png"; bbox 0 0 3908 6096; ppageno 0'>
   <div class='ocr_carea' id='block_1_1' title="bbox 121 325 1823 398">
    <p class='ocr_par' dir='ltr' id='par_1_1' title="bbox 121 325 1823 398">
     <span class='ocr_line' id='line_1_1' title="bbox 121 325 1823 398; baseline 0.001 -10"><span class='ocrx_word' id='word_1_1' title='bbox 121 326 181 389; x_wconf 73' lang='lat'><strong>{85</strong></span> <span class='ocrx_word' id='word_1_2' title='bbox 418 332 626 397; x_wconf 71' lang='lat' dir='ltr'><strong>expostulo</strong></span> <span class='ocrx_word' id='word_1_3' title='bbox 648 332 687 396; x_wconf 84' lang='lat' dir='ltr'><strong>tlt</strong></span> <span class='ocrx_word' id='word_1_4' title='bbox 709 332 922 398; x_wconf 75' lang='lat' dir='ltr'><strong>sstsuotts</strong></span> <span class='ocrx_word' id='word_1_5' title='bbox 943 332 1074 398; x_wconf 71' lang='lat' dir='ltr'><strong>siout.</strong></span> <span class='ocrx_word' id='word_1_6' title='bbox 1091 335 1183 397; x_wconf 85' lang='grc' dir='ltr'><strong>-ΙΝ</strong></span> <span class='ocrx_word' id='word_1_7' title='bbox 1206 334 1332 398; x_wconf 77' lang='lat' dir='ltr'><strong>usts&#39;t.</strong></span> <span class='ocrx_word' id='word_1_8' title='bbox 1354 333 1407 395; x_wconf 76' lang='lat' dir='ltr'><strong>AD</strong></span> <span class='ocrx_word' id='word_1_9' title='bbox 1428 329 1525 395; x_wconf 79' lang='lat' dir='ltr'><strong>ROM.</strong></span> <span class='ocrx_word' id='word_1_10' title='bbox 1764 325 1823 389; x_wconf 82' lang='grc'><strong>186</strong></span> 
     </span>
    </p>
   </div>
   <div class='ocr_carea' id='block_1_2' title="bbox 119 459 1847 2311">
    <p class='ocr_par' dir='ltr' id='par_1_2' title="bbox 119 459 1847 2311">
     <span class='ocr_line' id='line_1_2' title="bbox 122 459 1824 540; baseline -0.002 -22"><span class='ocrx_word' id='word_1_11' title='bbox 122 462 261 519; x_wconf 89' lang='lat' dir='ltr'><strong>admonet</strong></span> <span class='ocrx_word' id='word_1_12' title='bbox 273 464 431 536; x_wconf 77' lang='lat' dir='ltr'><strong>Apostolus</strong></span> <span class='ocrx_word' id='word_1_13' title='bbox 445 470 487 532; x_wconf 89' lang='lat' dir='ltr'><strong>ut,</strong></span> <span class='ocrx_word' id='word_1_14' title='bbox 503 482 570 522; x_wconf 90' lang='lat' dir='ltr'><strong>cum</strong></span> <span class='ocrx_word' id='word_1_15' title='bbox 586 465 766 538; x_wconf 87' lang='lat' dir='ltr'><strong>alicujusrsi</strong></span> <span class='ocrx_word' id='word_1_16' title='bbox 783 465 942 539; x_wconf 88' lang='lat' dir='ltr'><strong>species,id</strong></span> <span class='ocrx_word' id='word_1_17' title='bbox 958 481 981 540; x_wconf 69' lang='lat' dir='ltr'><strong>g</strong></span> <span class='ocrx_word' id='word_1_18' title='bbox 1000 483 1057 522; x_wconf 92' lang='lat' dir='ltr'><strong>non</strong></span> <span class='ocrx_word' id='word_1_19' title='bbox 1072 466 1177 525; x_wconf 74' lang='lat' dir='ltr'><strong>estleia</strong></span> <span class='ocrx_word' id='word_1_20' title='bbox 1200 484 1263 538; x_wconf 80' lang='lat' dir='ltr'><strong>qua</strong></span> <span class='ocrx_word' id='word_1_21' title='bbox 1279 485 1333 523; x_wconf 89' lang='lat' dir='ltr'><strong>nos</strong></span> <span class='ocrx_word' id='word_1_22' title='bbox 1356 470 1464 523; x_wconf 90' lang='lat' dir='ltr'><strong>terreat</strong></span> <span class='ocrx_word' id='word_1_23' title='bbox 1478 470 1508 522; x_wconf 90' lang='lat' dir='ltr'><strong>et</strong></span> <span class='ocrx_word' id='word_1_24' title='bbox 1530 466 1683 535; x_wconf 88' lang='lat' dir='ltr'><strong>peceatum</strong></span> <span class='ocrx_word' id='word_1_25' title='bbox 1707 459 1824 533; x_wconf 72' lang='lat' dir='ltr'><strong>puniat*</strong></span> 
     </span>
     <span class='ocr_line' id='line_1_3' title="bbox 121 551 1825 629; baseline -0.002 -22"><span class='ocrx_word' id='word_1_26' title='bbox 121 555 179 619; x_wconf 84' lang='lat' dir='ltr'><strong>est,</strong></span> <span class='ocrx_word' id='word_1_27' title='bbox 196 551 339 620; x_wconf 89' lang='lat' dir='ltr'><strong>mulieris,</strong></span> <span class='ocrx_word' id='word_1_28' title='bbox 355 555 428 624; x_wconf 90' lang='lat' dir='ltr'><strong>auri,</strong></span> <span class='ocrx_word' id='word_1_29' title='bbox 444 553 489 610; x_wconf 90' lang='lat' dir='ltr'><strong>vel</strong></span> <span class='ocrx_word' id='word_1_30' title='bbox 513 555 625 627; x_wconf 87' lang='lat' dir='ltr'><strong>argenti</strong></span> <span class='ocrx_word' id='word_1_31' title='bbox 649 561 677 611; x_wconf 89' lang='lat' dir='ltr'><strong>et</strong></span> <span class='ocrx_word' id='word_1_32' title='bbox 700 562 881 621; x_wconf 81' lang='lat' dir='ltr'><strong>caeterarum,</strong></span> <span class='ocrx_word' id='word_1_33' title='bbox 897 561 949 612; x_wconf 88' lang='lat' dir='ltr'><strong>ant</strong></span> <span class='ocrx_word' id='word_1_34' title='bbox 1001 555 1090 611; x_wconf 87' lang='lat' dir='ltr'><strong>libere</strong></span> <span class='ocrx_word' id='word_1_35' title='bbox 1098 562 1127 612; x_wconf 93' lang='lat' dir='ltr'><strong>et</strong></span> <span class='ocrx_word' id='word_1_36' title='bbox 1136 573 1237 611; x_wconf 91' lang='lat' dir='ltr'><strong>sscurs</strong></span> <span class='ocrx_word' id='word_1_37' title='bbox 1251 573 1368 629; x_wconf 87' lang='lat' dir='ltr'><strong>peceare</strong></span> <span class='ocrx_word' id='word_1_38' title='bbox 1378 555 1540 628; x_wconf 79' lang='lat' dir='ltr'>poterimus</span> <span class='ocrx_word' id='word_1_39' title='bbox 1551 571 1558 609; x_wconf 75' lang='grc' dir='ltr'><strong>ε</strong></span> <span class='ocrx_word' id='word_1_40' title='bbox 1571 553 1694 623; x_wconf 90' lang='lat' dir='ltr'><strong>ideoque</strong></span> <span class='ocrx_word' id='word_1_41' title='bbox 1704 553 1825 621; x_wconf 74' lang='lat' dir='ltr'><strong>aposto</strong></span> 
     </span>
     <span class='ocr_line' id='line_1_4' title="bbox 122 639 1825 717; baseline 0.001 -23"><span class='ocrx_word' id='word_1_42' title='bbox 122 639 235 697; x_wconf 89' lang='lat' dir='ltr'><strong>inimici</strong></span> <span class='ocrx_word' id='word_1_43' title='bbox 261 643 411 712; x_wconf 81' lang='lat' dir='ltr'><strong>persuasio</strong></span> <span class='ocrx_word' id='word_1_44' title='bbox 438 643 522 699; x_wconf 91' lang='lat' dir='ltr'><strong>nobis</strong></span> <span class='ocrx_word' id='word_1_45' title='bbox 547 644 698 715; x_wconf 78' lang='lat' dir='ltr'><strong>irrepserit</strong></span> <span class='ocrx_word' id='word_1_46' title='bbox 722 646 948 717; x_wconf 76' lang='lat' dir='ltr'><strong>pestiferamque</strong></span> <span class='ocrx_word' id='word_1_47' title='bbox 1002 642 1059 715; x_wconf 89' lang='lat' dir='ltr'><strong>lus,</strong></span> <span class='ocrx_word' id='word_1_48' title='bbox 1075 645 1268 716; x_wconf 73' lang='lat' dir='ltr'><strong>questionem</strong></span> <span class='ocrx_word' id='word_1_49' title='bbox 1295 646 1350 700; x_wconf 89' lang='lat' dir='ltr'><strong>sibi</strong></span> <span class='ocrx_word' id='word_1_50' title='bbox 1375 660 1550 716; x_wconf 87' lang='lat' dir='ltr'><strong>proponens,</strong></span> <span class='ocrx_word' id='word_1_51' title='bbox 1567 642 1608 698; x_wconf 90' lang='lat' dir='ltr'><strong>ait</strong></span> <span class='ocrx_word' id='word_1_52' title='bbox 1624 658 1631 696; x_wconf 92' lang='lat'>:</span> <span class='ocrx_word' id='word_1_53' title='bbox 1648 640 1719 709; x_wconf 84' lang='lat' dir='ltr'><strong>Quid</strong></span> <span class='ocrx_word' id='word_1_54' title='bbox 1742 640 1825 708; x_wconf 79' lang='lat' dir='ltr'><strong>erpo?</strong></span> 
     </span>
     <span class='ocr_line' id='line_1_5' title="bbox 122 729 1827 806; baseline 0 -22"><span class='ocrx_word' id='word_1_55' title='bbox 122 729 328 800; x_wconf 86' lang='lat' dir='ltr'><strong>cogitationem</strong></span> <span class='ocrx_word' id='word_1_56' title='bbox 337 730 479 802; x_wconf 81' lang='lat' dir='ltr'><strong>genuerit,</strong></span> <span class='ocrx_word' id='word_1_57' title='bbox 491 732 592 787; x_wconf 91' lang='lat' dir='ltr'><strong>statim</strong></span> <span class='ocrx_word' id='word_1_58' title='bbox 604 733 805 789; x_wconf 83' lang='lat' dir='ltr'><strong>existimemus</strong></span> <span class='ocrx_word' id='word_1_59' title='bbox 816 750 869 789; x_wconf 90' lang='lat' dir='ltr'><strong>nos</strong></span> <span class='ocrx_word' id='word_1_60' title='bbox 881 749 948 806; x_wconf 89' lang='lat' dir='ltr'><strong>peo—</strong></span> <span class='ocrx_word' id='word_1_61' title='bbox 1001 734 1188 806; x_wconf 87' lang='lat' dir='ltr'><strong>(subauditur</strong></span> <span class='ocrx_word' id='word_1_62' title='bbox 1206 734 1349 804; x_wconf 89' lang='lat' dir='ltr'><strong>dicemus)</strong></span> <span class='ocrx_word' id='word_1_63' title='bbox 1371 734 1553 802; x_wconf 77' lang='lat' dir='ltr'><strong>percutimus,</strong></span> <span class='ocrx_word' id='word_1_64' title='bbox 1569 733 1642 804; x_wconf 86' lang='lat' dir='ltr'><strong>quia</strong></span> <span class='ocrx_word' id='word_1_65' title='bbox 1663 746 1720 786; x_wconf 88' lang='lat' dir='ltr'><strong>non</strong></span> <span class='ocrx_word' id='word_1_66' title='bbox 1732 744 1827 785; x_wconf 83' lang='lat' dir='ltr'><strong>sumus</strong></span> 
     </span>
     <span class='ocr_line' id='line_1_6' title="bbox 122 817 1825 891; baseline -0.001 -17"><span class='ocrx_word' id='word_1_67' title='bbox 122 817 197 874; x_wconf 86' lang='lat' dir='ltr'><strong>satis</strong></span> <span class='ocrx_word' id='word_1_68' title='bbox 213 823 363 885; x_wconf 80' lang='lat' dir='ltr'><strong>mortuos3</strong></span> <span class='ocrx_word' id='word_1_69' title='bbox 379 819 421 873; x_wconf 94' lang='lat' dir='ltr'><strong>sic</strong></span> <span class='ocrx_word' id='word_1_70' title='bbox 445 820 536 888; x_wconf 89' lang='lat' dir='ltr'><strong>enim,</strong></span> <span class='ocrx_word' id='word_1_71' title='bbox 552 822 664 877; x_wconf 84' lang='lat' dir='ltr'><strong>favente</strong></span> <span class='ocrx_word' id='word_1_72' title='bbox 690 823 757 888; x_wconf 82' lang='lat' dir='ltr'><strong>beo,</strong></span> <span class='ocrx_word' id='word_1_73' title='bbox 773 838 948 879; x_wconf 87' lang='lat' dir='ltr'><strong>venenosam</strong></span> <span class='ocrx_word' id='word_1_74' title='bbox 1002 822 1196 891; x_wconf 63' lang='lat' dir='ltr'><strong>subleuauit</strong></span> <span class='ocrx_word' id='word_1_75' title='bbox 1216 824 1264 878; x_wconf 88' lang='lat' dir='ltr'><strong>sub</strong></span> <span class='ocrx_word' id='word_1_76' title='bbox 1286 825 1399 891; x_wconf 73' lang='lat' dir='ltr'><strong>quatio?</strong></span> <span class='ocrx_word' id='word_1_77' title='bbox 1413 825 1451 878; x_wconf 80' lang='lat' dir='ltr'><strong>Ac</strong></span> <span class='ocrx_word' id='word_1_78' title='bbox 1475 823 1500 878; x_wconf 89' lang='lat' dir='ltr'><strong>si</strong></span> <span class='ocrx_word' id='word_1_79' title='bbox 1527 821 1657 877; x_wconf 87' lang='lat' dir='ltr'><strong>diceret:</strong></span> <span class='ocrx_word' id='word_1_80' title='bbox 1674 818 1737 874; x_wconf 83' lang='lat' dir='ltr'><strong>Nori</strong></span> <span class='ocrx_word' id='word_1_81' title='bbox 1761 817 1825 873; x_wconf 91' lang='lat' dir='ltr'><strong>ideo</strong></span> 
     </span>
     <span class='ocr_line' id='line_1_7' title="bbox 122 905 1826 983; baseline 0.001 -22"><span class='ocrx_word' id='word_1_82' title='bbox 122 906 329 978; x_wconf 79' lang='lat' dir='ltr'><strong>cogitationem</strong></span> <span class='ocrx_word' id='word_1_83' title='bbox 345 924 483 980; x_wconf 90' lang='lat' dir='ltr'><strong>superare</strong></span> <span class='ocrx_word' id='word_1_84' title='bbox 497 910 750 980; x_wconf 90' lang='lat' dir='ltr'><strong>poterimus:fieri</strong></span> <span class='ocrx_word' id='word_1_85' title='bbox 767 910 949 983; x_wconf 90' lang='lat' dir='ltr'><strong>quippenul·</strong></span> <span class='ocrx_word' id='word_1_86' title='bbox 1002 912 1103 983; x_wconf 82' lang='lat' dir='ltr'><strong>gratias</strong></span> <span class='ocrx_word' id='word_1_87' title='bbox 1119 911 1244 982; x_wconf 85' lang='lat' dir='ltr'><strong>subjecti</strong></span> <span class='ocrx_word' id='word_1_88' title='bbox 1269 912 1352 978; x_wconf 89' lang='lat' dir='ltr'><strong>estis,</strong></span> <span class='ocrx_word' id='word_1_89' title='bbox 1378 916 1411 966; x_wconf 92' lang='lat' dir='ltr'><strong>ut</strong></span> <span class='ocrx_word' id='word_1_90' title='bbox 1432 910 1524 965; x_wconf 87' lang='lat' dir='ltr'><strong>libers</strong></span> <span class='ocrx_word' id='word_1_91' title='bbox 1547 908 1675 982; x_wconf 87' lang='lat' dir='ltr'><strong>peccetis</strong></span> <span class='ocrx_word' id='word_1_92' title='bbox 1700 924 1707 961; x_wconf 74' lang='grc' dir='ltr'><strong>ι</strong></span> <span class='ocrx_word' id='word_1_93' title='bbox 1732 905 1826 979; x_wconf 89' lang='lat' dir='ltr'><strong>gratia</strong></span> 
     </span>
     <span class='ocr_line' id='line_1_8' title="bbox 121 993 1825 1072; baseline 0 -23"><span class='ocrx_word' id='word_1_94' title='bbox 121 993 238 1051; x_wconf 83' lang='lat' dir='ltr'><strong>latenas</strong></span> <span class='ocrx_word' id='word_1_95' title='bbox 253 999 348 1067; x_wconf 89' lang='lat' dir='ltr'><strong>potest</strong></span> <span class='ocrx_word' id='word_1_96' title='bbox 363 1001 395 1051; x_wconf 93' lang='lat' dir='ltr'><strong>ut</strong></span> <span class='ocrx_word' id='word_1_97' title='bbox 412 1001 466 1052; x_wconf 84' lang='lat' dir='ltr'><strong>Deo</strong></span> <span class='ocrx_word' id='word_1_98' title='bbox 482 1003 512 1052; x_wconf 92' lang='lat' dir='ltr'><strong>et</strong></span> <span class='ocrx_word' id='word_1_99' title='bbox 537 1005 654 1071; x_wconf 90' lang='lat' dir='ltr'><strong>peccato</strong></span> <span class='ocrx_word' id='word_1_100' title='bbox 670 1001 811 1055; x_wconf 88' lang='lat' dir='ltr'><strong>vivamus.</strong></span> <span class='ocrx_word' id='word_1_101' title='bbox 828 1000 865 1055; x_wconf 90' lang='lat' dir='ltr'><strong>Ut</strong></span> <span class='ocrx_word' id='word_1_102' title='bbox 880 1016 948 1072; x_wconf 89' lang='lat' dir='ltr'><strong>ergo</strong></span> <span class='ocrx_word' id='word_1_103' title='bbox 1002 1001 1091 1067; x_wconf 91' lang='lat' dir='ltr'><strong>enim,</strong></span> <span class='ocrx_word' id='word_1_104' title='bbox 1104 1017 1167 1071; x_wconf 75' lang='lat' dir='ltr'><strong>quae</strong></span> <span class='ocrx_word' id='word_1_105' title='bbox 1182 1017 1233 1056; x_wconf 90' lang='lat' dir='ltr'><strong>vos</strong></span> <span class='ocrx_word' id='word_1_106' title='bbox 1247 1000 1389 1066; x_wconf 88' lang='lat' dir='ltr'><strong>liberavit,</strong></span> <span class='ocrx_word' id='word_1_107' title='bbox 1401 1016 1460 1071; x_wconf 90' lang='lat' dir='ltr'><strong>qua</strong></span> <span class='ocrx_word' id='word_1_108' title='bbox 1474 999 1585 1054; x_wconf 85' lang='lat' dir='ltr'><strong>ratione</strong></span> <span class='ocrx_word' id='word_1_109' title='bbox 1595 1014 1646 1053; x_wconf 91' lang='lat' dir='ltr'><strong>vos</strong></span> <span class='ocrx_word' id='word_1_110' title='bbox 1662 997 1738 1052; x_wconf 89' lang='lat' dir='ltr'><strong>sinet</strong></span> <span class='ocrx_word' id='word_1_111' title='bbox 1754 995 1825 1050; x_wconf 90' lang='lat' dir='ltr'><strong>libe·</strong></span> 
     </span>
     <span class='ocr_line' id='line_1_9' title="bbox 120 1083 1824 1161; baseline -0.001 -21"><span class='ocrx_word' id='word_1_112' title='bbox 120 1083 180 1140; x_wconf 89' lang='lat' dir='ltr'><strong>Doo</strong></span> <span class='ocrx_word' id='word_1_113' title='bbox 193 1084 287 1140; x_wconf 86' lang='lat' dir='ltr'><strong>vivere</strong></span> <span class='ocrx_word' id='word_1_114' title='bbox 297 1084 457 1156; x_wconf 87' lang='lat' dir='ltr'><strong>possimus,</strong></span> <span class='ocrx_word' id='word_1_115' title='bbox 474 1091 589 1158; x_wconf 87' lang='lat' dir='ltr'><strong>oportet</strong></span> <span class='ocrx_word' id='word_1_116' title='bbox 602 1089 727 1158; x_wconf 89' lang='lat' dir='ltr'><strong>peccatis</strong></span> <span class='ocrx_word' id='word_1_117' title='bbox 740 1089 949 1145; x_wconf 81' lang='lat' dir='ltr'><strong>moriamur.l]t</strong></span> <span class='ocrx_word' id='word_1_118' title='bbox 1003 1106 1033 1144; x_wconf 86' lang='lat' dir='ltr'><strong>re</strong></span> <span class='ocrx_word' id='word_1_119' title='bbox 1049 1090 1190 1161; x_wconf 80' lang='lat' dir='ltr'><strong>peccare?</strong></span> <span class='ocrx_word' id='word_1_120' title='bbox 1205 1090 1239 1143; x_wconf 82' lang='lat' dir='ltr'><strong>ut</strong></span> <span class='ocrx_word' id='word_1_121' title='bbox 1257 1089 1311 1144; x_wconf 91' lang='lat' dir='ltr'><strong>boc</strong></span> <span class='ocrx_word' id='word_1_122' title='bbox 1334 1093 1378 1143; x_wconf 88' lang='lat' dir='ltr'><strong>est</strong></span> <span class='ocrx_word' id='word_1_123' title='bbox 1401 1088 1477 1159; x_wconf 91' lang='lat' dir='ltr'><strong>quod</strong></span> <span class='ocrx_word' id='word_1_124' title='bbox 1502 1087 1638 1158; x_wconf 89' lang='lat' dir='ltr'><strong>sequitur</strong></span> <span class='ocrx_word' id='word_1_125' title='bbox 1654 1102 1662 1140; x_wconf 76' lang='grc' dir='ltr'>ι</span> <span class='ocrx_word' id='word_1_126' title='bbox 1678 1086 1762 1140; x_wconf 82' lang='lat' dir='ltr'><strong>Absit.</strong></span> <span class='ocrx_word' id='word_1_127' title='bbox 1779 1085 1824 1149; x_wconf 79' lang='lat' dir='ltr'><strong>ut,</strong></span> 
     </span>
     <span class='ocr_line' id='line_1_10' title="bbox 121 1171 1824 1250; baseline 0 -23"><span class='ocrx_word' id='word_1_128' title='bbox 121 1171 177 1228; x_wconf 90' lang='lat' dir='ltr'><strong>boc</strong></span> <span class='ocrx_word' id='word_1_129' title='bbox 192 1177 237 1228; x_wconf 90' lang='lat' dir='ltr'><strong>est</strong></span> <span class='ocrx_word' id='word_1_130' title='bbox 261 1174 340 1244; x_wconf 94' lang='lat' dir='ltr'><strong>quod</strong></span> <span class='ocrx_word' id='word_1_131' title='bbox 365 1174 447 1241; x_wconf 90' lang='lat' dir='ltr'><strong>dicit,</strong></span> <span class='ocrx_word' id='word_1_132' title='bbox 464 1176 584 1231; x_wconf 85' lang='lat' dir='ltr'><strong>niventes</strong></span> <span class='ocrx_word' id='word_1_133' title='bbox 605 1184 697 1232; x_wconf 84' lang='lat' dir='ltr'><strong>nutem</strong></span> <span class='ocrx_word' id='word_1_134' title='bbox 710 1178 764 1232; x_wconf 82' lang='lat' dir='ltr'><strong>ilco</strong></span> <span class='ocrx_word' id='word_1_135' title='bbox 787 1180 816 1231; x_wconf 87' lang='lat' dir='ltr'><strong>in</strong></span> <span class='ocrx_word' id='word_1_136' title='bbox 840 1177 949 1233; x_wconf 85' lang='lat' dir='ltr'><strong>Christo</strong></span> <span class='ocrx_word' id='word_1_137' title='bbox 1003 1179 1142 1250; x_wconf 89' lang='lat' dir='ltr'><strong>quoniam</strong></span> <span class='ocrx_word' id='word_1_138' title='bbox 1159 1179 1257 1232; x_wconf 91' lang='lat' dir='ltr'><strong>minus</strong></span> <span class='ocrx_word' id='word_1_139' title='bbox 1281 1177 1377 1232; x_wconf 91' lang='lat' dir='ltr'><strong>adbuc</strong></span> <span class='ocrx_word' id='word_1_140' title='bbox 1392 1175 1623 1248; x_wconf 80' lang='lat' dir='ltr'><strong>intelligentibus</strong></span> <span class='ocrx_word' id='word_1_141' title='bbox 1639 1174 1824 1247; x_wconf 87' lang='lat' dir='ltr'><strong>loquebatur,</strong></span> 
     </span>
     <span class='ocr_line' id='line_1_11' title="bbox 120 1261 1847 1336; baseline 0.001 -19"><span class='ocrx_word' id='word_1_142' title='bbox 120 1262 194 1317; x_wconf 81' lang='lat' dir='ltr'><strong>lesu.</strong></span> <span class='ocrx_word' id='word_1_143' title='bbox 210 1263 242 1317; x_wconf 90' lang='lat' dir='ltr'><strong>ln</strong></span> <span class='ocrx_word' id='word_1_144' title='bbox 257 1261 364 1317; x_wconf 81' lang='lat' dir='ltr'><strong>Christo</strong></span> <span class='ocrx_word' id='word_1_145' title='bbox 387 1264 459 1329; x_wconf 77' lang='lat' dir='ltr'><strong>lesu,</strong></span> <span class='ocrx_word' id='word_1_146' title='bbox 476 1262 504 1318; x_wconf 91' lang='lat' dir='ltr'><strong>id</strong></span> <span class='ocrx_word' id='word_1_147' title='bbox 531 1269 575 1319; x_wconf 88' lang='lat' dir='ltr'><strong>est</strong></span> <span class='ocrx_word' id='word_1_148' title='bbox 590 1281 642 1335; x_wconf 93' lang='lat' dir='ltr'><strong>per</strong></span> <span class='ocrx_word' id='word_1_149' title='bbox 666 1266 817 1321; x_wconf 88' lang='lat' dir='ltr'><strong>Christum</strong></span> <span class='ocrx_word' id='word_1_150' title='bbox 832 1267 945 1334; x_wconf 83' lang='lat' dir='ltr'><strong>lesum,</strong></span> <span class='ocrx_word' id='word_1_151' title='bbox 1004 1266 1110 1336; x_wconf 87' lang='lat' dir='ltr'><strong>adjecit</strong></span> <span class='ocrx_word' id='word_1_152' title='bbox 1125 1283 1132 1321; x_wconf 92' lang='lat'><strong>:</strong></span> <span class='ocrx_word' id='word_1_153' title='bbox 1149 1267 1263 1322; x_wconf 76' lang='lat' dir='ltr'><strong>Nescitis</strong></span> <span class='ocrx_word' id='word_1_154' title='bbox 1278 1268 1408 1336; x_wconf 85' lang='lat' dir='ltr'><strong>quoniam</strong></span> <span class='ocrx_word' id='word_1_155' title='bbox 1423 1266 1468 1320; x_wconf 87' lang='lat' dir='ltr'><strong>cui</strong></span> <span class='ocrx_word' id='word_1_156' title='bbox 1480 1265 1614 1319; x_wconf 74' lang='lat' dir='ltr'><strong>exhibetis</strong></span> <span class='ocrx_word' id='word_1_157' title='bbox 1628 1280 1674 1320; x_wconf 87' lang='lat' dir='ltr'><strong>vos</strong></span> <span class='ocrx_word' id='word_1_158' title='bbox 1687 1278 1779 1318; x_wconf 84' lang='lat' dir='ltr'><strong>seruos</strong></span> <span class='ocrx_word' id='word_1_159' title='bbox 1791 1261 1847 1318; x_wconf 84' lang='lat' dir='ltr'><strong>od.</strong></span> 
     </span>
     <span class='ocr_line' id='line_1_12' title="bbox 122 1349 1828 1425; baseline 0 -21"><span class='ocrx_word' id='word_1_160' title='bbox 122 1349 204 1421; x_wconf 87' lang='lat' dir='ltr'><strong>quia,</strong></span> <span class='ocrx_word' id='word_1_161' title='bbox 220 1351 296 1405; x_wconf 90' lang='lat' dir='ltr'><strong>siout</strong></span> <span class='ocrx_word' id='word_1_162' title='bbox 311 1351 374 1421; x_wconf 90' lang='lat' dir='ltr'><strong>ipse</strong></span> <span class='ocrx_word' id='word_1_163' title='bbox 389 1351 479 1407; x_wconf 89' lang='lat' dir='ltr'><strong>dicit:</strong></span> <span class='ocrx_word' id='word_1_164' title='bbox 494 1353 576 1408; x_wconf 86' lang='lat' dir='ltr'><strong>Nemo</strong></span> <span class='ocrx_word' id='word_1_165' title='bbox 590 1356 666 1409; x_wconf 65' lang='lat' dir='ltr'><strong>nord</strong></span> <span class='ocrx_word' id='word_1_166' title='bbox 680 1355 753 1425; x_wconf 82' lang='grc'>(217)</span> <span class='ocrx_word' id='word_1_167' title='bbox 766 1357 878 1411; x_wconf 82' lang='lat' dir='ltr'><strong>Patrem</strong></span> <span class='ocrx_word' id='word_1_168' title='bbox 890 1357 950 1410; x_wconf 84' lang='lat' dir='ltr'><strong>nisi</strong></span> <span class='ocrx_word' id='word_1_169' title='bbox 1002 1355 1191 1423; x_wconf 85' lang='lat' dir='ltr'><strong>obediendum,</strong></span> <span class='ocrx_word' id='word_1_170' title='bbox 1220 1356 1293 1410; x_wconf 85' lang='lat' dir='ltr'><strong>serui</strong></span> <span class='ocrx_word' id='word_1_171' title='bbox 1317 1356 1383 1410; x_wconf 85' lang='lat' dir='ltr'><strong>estis</strong></span> <span class='ocrx_word' id='word_1_172' title='bbox 1407 1357 1434 1410; x_wconf 89' lang='lat' dir='ltr'><strong>ei</strong></span> <span class='ocrx_word' id='word_1_173' title='bbox 1455 1353 1500 1409; x_wconf 87' lang='lat' dir='ltr'><strong>cui</strong></span> <span class='ocrx_word' id='word_1_174' title='bbox 1520 1352 1646 1408; x_wconf 80' lang='lat' dir='ltr'><strong>obedistis</strong></span> <span class='ocrx_word' id='word_1_175' title='bbox 1671 1350 1769 1422; x_wconf 72' lang='lat' dir='ltr'><strong>(stati</strong></span> <span class='ocrx_word' id='word_1_176' title='bbox 1794 1350 1828 1405; x_wconf 80' lang='lat' dir='ltr'><strong>Et</strong></span> 
     </span>
     <span class='ocr_line' id='line_1_13' title="bbox 120 1439 1826 1514; baseline 0 -20"><span class='ocrx_word' id='word_1_177' title='bbox 120 1454 172 1510; x_wconf 80' lang='lat' dir='ltr'><strong>per</strong></span> <span class='ocrx_word' id='word_1_178' title='bbox 183 1454 236 1493; x_wconf 80' lang='lat' dir='ltr'><strong>nic.</strong></span> <span class='ocrx_word' id='word_1_179' title='bbox 262 1439 337 1507; x_wconf 86' lang='grc'>(218)</span> <span class='ocrx_word' id='word_1_180' title='bbox 358 1442 421 1495; x_wconf 86' lang='lat' dir='ltr'><strong>Nou</strong></span> <span class='ocrx_word' id='word_1_181' title='bbox 443 1457 509 1511; x_wconf 80' lang='lat' dir='ltr'><strong>erpo</strong></span> <span class='ocrx_word' id='word_1_182' title='bbox 532 1453 626 1511; x_wconf 70' lang='lat' dir='ltr'><strong>regnet</strong></span> <span class='ocrx_word' id='word_1_183' title='bbox 646 1452 787 1513; x_wconf 84' lang='lat' dir='ltr'><strong>peccatum</strong></span> <span class='ocrx_word' id='word_1_184' title='bbox 811 1447 842 1500; x_wconf 89' lang='lat' dir='ltr'><strong>in</strong></span> <span class='ocrx_word' id='word_1_185' title='bbox 861 1453 949 1500; x_wconf 84' lang='lat' dir='ltr'><strong>nestro</strong></span> <span class='ocrx_word' id='word_1_186' title='bbox 1002 1448 1047 1501; x_wconf 90' lang='lat' dir='ltr'><strong>est</strong></span> <span class='ocrx_word' id='word_1_187' title='bbox 1062 1461 1167 1500; x_wconf 89' lang='lat' dir='ltr'><strong>sensus</strong></span> <span class='ocrx_word' id='word_1_188' title='bbox 1179 1462 1185 1499; x_wconf 94' lang='lat'>:</span> <span class='ocrx_word' id='word_1_189' title='bbox 1198 1443 1270 1500; x_wconf 88' lang='lat' dir='ltr'><strong>Vere</strong></span> <span class='ocrx_word' id='word_1_190' title='bbox 1284 1443 1365 1500; x_wconf 90' lang='lat' dir='ltr'><strong>scitis</strong></span> <span class='ocrx_word' id='word_1_191' title='bbox 1377 1443 1446 1514; x_wconf 90' lang='lat' dir='ltr'><strong>quia</strong></span> <span class='ocrx_word' id='word_1_192' title='bbox 1462 1459 1519 1498; x_wconf 93' lang='lat' dir='ltr'><strong>non</strong></span> <span class='ocrx_word' id='word_1_193' title='bbox 1535 1441 1667 1507; x_wconf 89' lang='lat' dir='ltr'><strong>alterius,</strong></span> <span class='ocrx_word' id='word_1_194' title='bbox 1684 1441 1735 1496; x_wconf 91' lang='lat' dir='ltr'><strong>sed</strong></span> <span class='ocrx_word' id='word_1_195' title='bbox 1751 1440 1826 1509; x_wconf 85' lang='lat' dir='ltr'><strong>ejus,</strong></span> 
     </span>
     <span class='ocr_line' id='line_1_14' title="bbox 121 1528 1825 1604; baseline 0 -20"><span class='ocrx_word' id='word_1_196' title='bbox 121 1528 236 1584; x_wconf 77' lang='lat' dir='ltr'><strong>mortali</strong></span> <span class='ocrx_word' id='word_1_197' title='bbox 249 1543 370 1598; x_wconf 85' lang='lat' dir='ltr'><strong>corpore.</strong></span> <span class='ocrx_word' id='word_1_198' title='bbox 386 1528 553 1585; x_wconf 85' lang='lat' dir='ltr'><strong>Notandum</strong></span> <span class='ocrx_word' id='word_1_199' title='bbox 580 1532 649 1603; x_wconf 90' lang='lat' dir='ltr'><strong>quia</strong></span> <span class='ocrx_word' id='word_1_200' title='bbox 665 1549 723 1588; x_wconf 93' lang='lat' dir='ltr'><strong>non</strong></span> <span class='ocrx_word' id='word_1_201' title='bbox 748 1533 800 1600; x_wconf 89' lang='lat' dir='ltr'><strong>ait,</strong></span> <span class='ocrx_word' id='word_1_202' title='bbox 826 1550 883 1588; x_wconf 91' lang='lat' dir='ltr'><strong>non</strong></span> <span class='ocrx_word' id='word_1_203' title='bbox 899 1534 948 1604; x_wconf 88' lang='lat' dir='ltr'><strong>sit,</strong></span> <span class='ocrx_word' id='word_1_204' title='bbox 1004 1533 1050 1591; x_wconf 93' lang='lat' dir='ltr'><strong>cui</strong></span> <span class='ocrx_word' id='word_1_205' title='bbox 1066 1533 1193 1600; x_wconf 85' lang='lat' dir='ltr'><strong>servitis,</strong></span> <span class='ocrx_word' id='word_1_206' title='bbox 1208 1532 1283 1589; x_wconf 90' lang='lat' dir='ltr'><strong>servi</strong></span> <span class='ocrx_word' id='word_1_207' title='bbox 1297 1532 1389 1588; x_wconf 87' lang='lat' dir='ltr'><strong>eritis.</strong></span> <span class='ocrx_word' id='word_1_208' title='bbox 1405 1531 1486 1587; x_wconf 93' lang='lat' dir='ltr'><strong>Unde</strong></span> <span class='ocrx_word' id='word_1_209' title='bbox 1496 1529 1638 1585; x_wconf 87' lang='lat' dir='ltr'><strong>Dominus</strong></span> <span class='ocrx_word' id='word_1_210' title='bbox 1651 1528 1681 1583; x_wconf 91' lang='lat' dir='ltr'><strong>in</strong></span> <span class='ocrx_word' id='word_1_211' title='bbox 1695 1529 1825 1598; x_wconf 83' lang='lat' dir='ltr'><strong>Evange-</strong></span> 
     </span>
     <span class='ocr_line' id='line_1_15' title="bbox 122 1615 1826 1693; baseline -0.001 -22"><span class='ocrx_word' id='word_1_212' title='bbox 122 1615 174 1672; x_wconf 89' lang='lat' dir='ltr'><strong>sed</strong></span> <span class='ocrx_word' id='word_1_213' title='bbox 191 1632 249 1672; x_wconf 94' lang='lat' dir='ltr'><strong>non</strong></span> <span class='ocrx_word' id='word_1_214' title='bbox 265 1621 375 1688; x_wconf 88' lang='lat' dir='ltr'><strong>regnet.</strong></span> <span class='ocrx_word' id='word_1_215' title='bbox 391 1619 527 1681; x_wconf 89' lang='lat' dir='ltr'><strong>Quandiu</strong></span> <span class='ocrx_word' id='word_1_216' title='bbox 552 1619 674 1677; x_wconf 89' lang='lat' dir='ltr'><strong>enimin</strong></span> <span class='ocrx_word' id='word_1_217' title='bbox 690 1620 745 1676; x_wconf 89' lang='lat' dir='ltr'><strong>bac</strong></span> <span class='ocrx_word' id='word_1_218' title='bbox 759 1622 820 1677; x_wconf 85' lang='lat' dir='ltr'><strong>vita</strong></span> <span class='ocrx_word' id='word_1_219' title='bbox 834 1639 949 1691; x_wconf 87' lang='lat' dir='ltr'><strong>sumus,</strong></span> <span class='ocrx_word' id='word_1_220' title='bbox 1003 1622 1042 1678; x_wconf 93' lang='lat' dir='ltr'><strong>lio</strong></span> <span class='ocrx_word' id='word_1_221' title='bbox 1058 1639 1065 1676; x_wconf 75' lang='grc' dir='ltr'>ε</span> <span class='ocrx_word' id='word_1_222' title='bbox 1080 1623 1166 1678; x_wconf 88' lang='lat' dir='ltr'><strong>Nemo</strong></span> <span class='ocrx_word' id='word_1_223' title='bbox 1179 1630 1265 1693; x_wconf 84' lang='lat' dir='ltr'><strong>potest</strong></span> <span class='ocrx_word' id='word_1_224' title='bbox 1278 1621 1381 1677; x_wconf 84' lang='lat' dir='ltr'><strong>duobus</strong></span> <span class='ocrx_word' id='word_1_225' title='bbox 1403 1621 1524 1675; x_wconf 84' lang='lat' dir='ltr'><strong>dominis</strong></span> <span class='ocrx_word' id='word_1_226' title='bbox 1547 1620 1650 1674; x_wconf 85' lang='lat' dir='ltr'><strong>seruire</strong></span> <span class='ocrx_word' id='word_1_227' title='bbox 1664 1616 1769 1688; x_wconf 82' lang='lat' dir='ltr'><strong>(llotth.</strong></span> <span class='ocrx_word' id='word_1_228' title='bbox 1786 1632 1826 1683; x_wconf 86' lang='lat' dir='ltr'><strong>vr,</strong></span> 
     </span>
     <span class='ocr_line' id='line_1_16' title="bbox 122 1702 1825 1783; baseline -0.002 -22"><span class='ocrx_word' id='word_1_229' title='bbox 122 1704 187 1761; x_wconf 89' lang='lat' dir='ltr'><strong>sine</strong></span> <span class='ocrx_word' id='word_1_230' title='bbox 202 1709 320 1777; x_wconf 88' lang='lat' dir='ltr'><strong>peccato</strong></span> <span class='ocrx_word' id='word_1_231' title='bbox 335 1721 399 1762; x_wconf 88' lang='lat' dir='ltr'><strong>osse</strong></span> <span class='ocrx_word' id='word_1_232' title='bbox 415 1724 473 1762; x_wconf 90' lang='lat' dir='ltr'><strong>non</strong></span> <span class='ocrx_word' id='word_1_233' title='bbox 489 1724 658 1778; x_wconf 89' lang='lat' dir='ltr'><strong>possumus.</strong></span> <span class='ocrx_word' id='word_1_234' title='bbox 670 1712 746 1765; x_wconf 78' lang='lat' dir='ltr'><strong>stin</strong></span> <span class='ocrx_word' id='word_1_235' title='bbox 762 1711 820 1775; x_wconf 86' lang='lat' dir='ltr'><strong>illis</strong></span> <span class='ocrx_word' id='word_1_236' title='bbox 836 1711 948 1767; x_wconf 88' lang='lat' dir='ltr'><strong>solum·</strong></span> <span class='ocrx_word' id='word_1_237' title='bbox 1003 1711 1058 1782; x_wconf 76' lang='grc'><strong>24).</strong></span> <span class='ocrx_word' id='word_1_238' title='bbox 1074 1712 1246 1783; x_wconf 82' lang='lat' dir='ltr'><strong>Quicunque</strong></span> <span class='ocrx_word' id='word_1_239' title='bbox 1261 1726 1330 1782; x_wconf 89' lang='lat' dir='ltr'><strong>ergo</strong></span> <span class='ocrx_word' id='word_1_240' title='bbox 1345 1714 1462 1780; x_wconf 89' lang='lat' dir='ltr'><strong>peccato</strong></span> <span class='ocrx_word' id='word_1_241' title='bbox 1478 1708 1609 1764; x_wconf 83' lang='lat' dir='ltr'><strong>serviunt</strong></span> <span class='ocrx_word' id='word_1_242' title='bbox 1623 1704 1736 1779; x_wconf 88' lang='lat' dir='ltr'><strong>peccati</strong></span> <span class='ocrx_word' id='word_1_243' title='bbox 1750 1702 1825 1759; x_wconf 87' lang='lat' dir='ltr'><strong>servi</strong></span> 
     </span>
     <span class='ocr_line' id='line_1_17' title="bbox 122 1792 1826 1872; baseline -0.001 -24"><span class='ocrx_word' id='word_1_244' title='bbox 122 1794 211 1849; x_wconf 92' lang='lat' dir='ltr'><strong>modo</strong></span> <span class='ocrx_word' id='word_1_245' title='bbox 227 1799 340 1866; x_wconf 87' lang='lat' dir='ltr'><strong>regnat,</strong></span> <span class='ocrx_word' id='word_1_246' title='bbox 356 1794 498 1867; x_wconf 67' lang='lat' dir='ltr'><strong>quidum</strong></span> <span class='ocrx_word' id='word_1_247' title='bbox 511 1798 732 1869; x_wconf 84' lang='lat' dir='ltr'><strong>concupiscunt,</strong></span> <span class='ocrx_word' id='word_1_248' title='bbox 743 1800 949 1872; x_wconf 87' lang='lat' dir='ltr'><strong>concupiscen-</strong></span> <span class='ocrx_word' id='word_1_249' title='bbox 1003 1799 1189 1867; x_wconf 83' lang='lat' dir='ltr'><strong>alliciuntur;</strong></span> <span class='ocrx_word' id='word_1_250' title='bbox 1204 1800 1297 1871; x_wconf 91' lang='lat' dir='ltr'><strong>etqui</strong></span> <span class='ocrx_word' id='word_1_251' title='bbox 1314 1799 1432 1868; x_wconf 80' lang='lat' dir='ltr'><strong>iustitias</strong></span> <span class='ocrx_word' id='word_1_252' title='bbox 1447 1797 1618 1866; x_wconf 90' lang='lat' dir='ltr'><strong>obediendo,</strong></span> <span class='ocrx_word' id='word_1_253' title='bbox 1635 1794 1709 1850; x_wconf 90' lang='lat' dir='ltr'><strong>servi</strong></span> <span class='ocrx_word' id='word_1_254' title='bbox 1724 1792 1826 1848; x_wconf 88' lang='lat' dir='ltr'><strong>obedi·</strong></span> 
     </span>
     <span class='ocr_line' id='line_1_18' title="bbox 120 1882 1827 1959; baseline -0.001 -22"><span class='ocrx_word' id='word_1_255' title='bbox 120 1882 171 1938; x_wconf 92' lang='lat' dir='ltr'><strong>tiis</strong></span> <span class='ocrx_word' id='word_1_256' title='bbox 200 1883 332 1955; x_wconf 80' lang='lat' dir='ltr'><strong>prebent</strong></span> <span class='ocrx_word' id='word_1_257' title='bbox 354 1899 529 1952; x_wconf 78' lang='lat' dir='ltr'><strong>assensum3</strong></span> <span class='ocrx_word' id='word_1_258' title='bbox 546 1887 625 1942; x_wconf 88' lang='lat' dir='ltr'><strong>unde</strong></span> <span class='ocrx_word' id='word_1_259' title='bbox 650 1903 718 1942; x_wconf 84' lang='lat' dir='ltr'><strong>mox</strong></span> <span class='ocrx_word' id='word_1_260' title='bbox 741 1889 899 1944; x_wconf 90' lang='lat' dir='ltr'><strong>subditur:</strong></span> <span class='ocrx_word' id='word_1_261' title='bbox 916 1899 947 1946; x_wconf 87' lang='lat' dir='ltr'><strong>ut</strong></span> <span class='ocrx_word' id='word_1_262' title='bbox 1003 1889 1092 1945; x_wconf 90' lang='lat' dir='ltr'><strong>tionis</strong></span> <span class='ocrx_word' id='word_1_263' title='bbox 1106 1889 1282 1945; x_wconf 81' lang='lat' dir='ltr'><strong>efficiuntur.</strong></span> <span class='ocrx_word' id='word_1_264' title='bbox 1297 1889 1377 1944; x_wconf 88' lang='lat' dir='ltr'><strong>Unde</strong></span> <span class='ocrx_word' id='word_1_265' title='bbox 1394 1904 1461 1943; x_wconf 86' lang='lat' dir='ltr'><strong>mox</strong></span> <span class='ocrx_word' id='word_1_266' title='bbox 1475 1887 1631 1959; x_wconf 87' lang='lat' dir='ltr'><strong>sequitur:</strong></span> <span class='ocrx_word' id='word_1_267' title='bbox 1651 1884 1710 1940; x_wconf 83' lang='lat' dir='ltr'><strong>Sino</strong></span> <span class='ocrx_word' id='word_1_268' title='bbox 1722 1883 1827 1955; x_wconf 86' lang='lat' dir='ltr'><strong>peccati</strong></span> 
     </span>
     <span class='ocr_line' id='line_1_19' title="bbox 119 1970 1828 2050; baseline -0.002 -22"><span class='ocrx_word' id='word_1_269' title='bbox 119 1970 254 2028; x_wconf 85' lang='lat' dir='ltr'><strong>obediatis</strong></span> <span class='ocrx_word' id='word_1_270' title='bbox 277 1976 509 2043; x_wconf 78' lang='lat' dir='ltr'><strong>concupiscentiis</strong></span> <span class='ocrx_word' id='word_1_271' title='bbox 531 1976 600 2047; x_wconf 85' lang='lat' dir='ltr'><strong>ejus.</strong></span> <span class='ocrx_word' id='word_1_272' title='bbox 631 1976 751 2034; x_wconf 88' lang='lat' dir='ltr'><strong>Mortale</strong></span> <span class='ocrx_word' id='word_1_273' title='bbox 774 1994 891 2050; x_wconf 88' lang='lat' dir='ltr'><strong>corpus,</strong></span> <span class='ocrx_word' id='word_1_274' title='bbox 917 1988 950 2035; x_wconf 90' lang='lat' dir='ltr'><strong>ut</strong></span> <span class='ocrx_word' id='word_1_275' title='bbox 1004 1979 1036 2033; x_wconf 88' lang='lat' dir='ltr'><strong>in</strong></span> <span class='ocrx_word' id='word_1_276' title='bbox 1058 1981 1174 2033; x_wconf 68' lang='lat' dir='ltr'><strong>enodem</strong></span> <span class='ocrx_word' id='word_1_277' title='bbox 1199 1979 1285 2047; x_wconf 82' lang='grc'>(220),</span> <span class='ocrx_word' id='word_1_278' title='bbox 1304 1979 1360 2033; x_wconf 86' lang='lat' dir='ltr'><strong>sive</strong></span> <span class='ocrx_word' id='word_1_279' title='bbox 1384 1976 1547 2032; x_wconf 81' lang='lat' dir='ltr'><strong>obeditionis</strong></span> <span class='ocrx_word' id='word_1_280' title='bbox 1573 1974 1608 2029; x_wconf 86' lang='lat' dir='ltr'><strong>cd</strong></span> <span class='ocrx_word' id='word_1_281' title='bbox 1627 1974 1777 2045; x_wconf 83' lang='lat' dir='ltr'><strong>justitiam.</strong></span> <span class='ocrx_word' id='word_1_282' title='bbox 1793 1970 1828 2025; x_wconf 78' lang='lat' dir='ltr'><strong>nt</strong></span> 
     </span>
     <span class='ocr_line' id='line_1_20' title="bbox 121 2060 1826 2138; baseline -0.001 -23"><span class='ocrx_word' id='word_1_283' title='bbox 121 2060 302 2133; x_wconf 88' lang='lat' dir='ltr'><strong>quibusdam</strong></span> <span class='ocrx_word' id='word_1_284' title='bbox 327 2061 432 2133; x_wconf 89' lang='lat' dir='ltr'><strong>placet,</strong></span> <span class='ocrx_word' id='word_1_285' title='bbox 456 2063 625 2135; x_wconf 85' lang='lat' dir='ltr'><strong>Apostolus,</strong></span> <span class='ocrx_word' id='word_1_286' title='bbox 650 2082 707 2120; x_wconf 92' lang='lat' dir='ltr'><strong>non</strong></span> <span class='ocrx_word' id='word_1_287' title='bbox 733 2071 850 2138; x_wconf 90' lang='lat' dir='ltr'><strong>propter</strong></span> <span class='ocrx_word' id='word_1_288' title='bbox 873 2067 949 2122; x_wconf 87' lang='lat' dir='ltr'><strong>hanc</strong></span> <span class='ocrx_word' id='word_1_289' title='bbox 1004 2070 1070 2137; x_wconf 92' lang='lat' dir='ltr'><strong>apte</strong></span> <span class='ocrx_word' id='word_1_290' title='bbox 1086 2066 1157 2121; x_wconf 90' lang='lat' dir='ltr'><strong>dicit</strong></span> <span class='ocrx_word' id='word_1_291' title='bbox 1173 2082 1178 2119; x_wconf 96' lang='lat'>:</span> <span class='ocrx_word' id='word_1_292' title='bbox 1195 2067 1252 2121; x_wconf 84' lang='lat' dir='ltr'><strong>sinc</strong></span> <span class='ocrx_word' id='word_1_293' title='bbox 1263 2066 1370 2137; x_wconf 84' lang='lat' dir='ltr'><strong>peccati</strong></span> <span class='ocrx_word' id='word_1_294' title='bbox 1384 2067 1415 2119; x_wconf 88' lang='lat' dir='ltr'><strong>in</strong></span> <span class='ocrx_word' id='word_1_295' title='bbox 1429 2073 1556 2129; x_wconf 82' lang='lat' dir='ltr'><strong>mortem,</strong></span> <span class='ocrx_word' id='word_1_296' title='bbox 1568 2061 1708 2134; x_wconf 88' lang='lat' dir='ltr'><strong>quoniam</strong></span> <span class='ocrx_word' id='word_1_297' title='bbox 1724 2074 1826 2131; x_wconf 88' lang='lat' dir='ltr'><strong>peeca-</strong></span> 
     </span>
     <span class='ocr_line' id='line_1_21' title="bbox 121 2146 1828 2226; baseline -0.001 -22"><span class='ocrx_word' id='word_1_298' title='bbox 121 2164 311 2205; x_wconf 87' lang='lat' dir='ltr'><strong>oommunsm</strong></span> <span class='ocrx_word' id='word_1_299' title='bbox 332 2155 456 2207; x_wconf 92' lang='lat' dir='ltr'><strong>mortem</strong></span> <span class='ocrx_word' id='word_1_300' title='bbox 484 2150 652 2223; x_wconf 82' lang='lat' dir='ltr'><strong>appellavit,</strong></span> <span class='ocrx_word' id='word_1_301' title='bbox 669 2155 720 2208; x_wconf 89' lang='lat' dir='ltr'><strong>sed</strong></span> <span class='ocrx_word' id='word_1_302' title='bbox 736 2159 948 2226; x_wconf 74' lang='lat' dir='ltr'><strong>propteraeter-</strong></span> <span class='ocrx_word' id='word_1_303' title='bbox 1003 2159 1068 2210; x_wconf 90' lang='lat' dir='ltr'><strong>tum</strong></span> <span class='ocrx_word' id='word_1_304' title='bbox 1092 2158 1330 2210; x_wconf 89' lang='lat' dir='ltr'><strong>consummatum</strong></span> <span class='ocrx_word' id='word_1_305' title='bbox 1356 2153 1462 2225; x_wconf 84' lang='lat' dir='ltr'><strong>mergit</strong></span> <span class='ocrx_word' id='word_1_306' title='bbox 1484 2152 1513 2207; x_wconf 93' lang='lat' dir='ltr'><strong>in</strong></span> <span class='ocrx_word' id='word_1_307' title='bbox 1540 2156 1674 2207; x_wconf 89' lang='lat' dir='ltr'><strong>mortem.</strong></span> <span class='ocrx_word' id='word_1_308' title='bbox 1704 2146 1828 2203; x_wconf 88' lang='lat' dir='ltr'><strong>Pulchre</strong></span> 
     </span>
     <span class='ocr_line' id='line_1_22' title="bbox 124 2235 1828 2311; baseline 0 -19"><span class='ocrx_word' id='word_1_309' title='bbox 124 2253 194 2293; x_wconf 91' lang='lat' dir='ltr'><strong>nam</strong></span> <span class='ocrx_word' id='word_1_310' title='bbox 210 2239 449 2306; x_wconf 64' lang='lat' dir='ltr'><strong>damnationem</strong></span> <span class='ocrx_word' id='word_1_311' title='bbox 466 2240 517 2295; x_wconf 92' lang='lat' dir='ltr'><strong>ssd</strong></span> <span class='ocrx_word' id='word_1_312' title='bbox 533 2240 568 2295; x_wconf 89' lang='lat' dir='ltr'><strong>ds</strong></span> <span class='ocrx_word' id='word_1_313' title='bbox 583 2240 637 2296; x_wconf 91' lang='lat' dir='ltr'><strong>bac</strong></span> <span class='ocrx_word' id='word_1_314' title='bbox 652 2245 681 2296; x_wconf 93' lang='lat' dir='ltr'><strong>et</strong></span> <span class='ocrx_word' id='word_1_315' title='bbox 695 2243 731 2298; x_wconf 93' lang='lat' dir='ltr'><strong>de</strong></span> <span class='ocrx_word' id='word_1_316' title='bbox 744 2241 795 2298; x_wconf 91' lang='lat' dir='ltr'><strong>illa</strong></span> <span class='ocrx_word' id='word_1_317' title='bbox 809 2242 882 2298; x_wconf 92' lang='lat' dir='ltr'><strong>nibil</strong></span> <span class='ocrx_word' id='word_1_318' title='bbox 898 2244 949 2298; x_wconf 92' lang='lat' dir='ltr'><strong>ob·</strong></span> <span class='ocrx_word' id='word_1_319' title='bbox 1004 2244 1093 2299; x_wconf 89' lang='lat' dir='ltr'><strong>stiam</strong></span> <span class='ocrx_word' id='word_1_320' title='bbox 1115 2244 1216 2299; x_wconf 88' lang='lat' dir='ltr'><strong>subdit</strong></span> <span class='ocrx_word' id='word_1_321' title='bbox 1233 2259 1239 2298; x_wconf 80' lang='lat' dir='ltr'><em>z</em></span> <span class='ocrx_word' id='word_1_322' title='bbox 1262 2244 1325 2299; x_wconf 74' lang='lat' dir='ltr'><strong>Sive</strong></span> <span class='ocrx_word' id='word_1_323' title='bbox 1347 2242 1508 2298; x_wconf 76' lang='lat' dir='ltr'><strong>obeditionis</strong></span> <span class='ocrx_word' id='word_1_324' title='bbox 1534 2240 1569 2296; x_wconf 85' lang='lat' dir='ltr'><strong>od</strong></span> <span class='ocrx_word' id='word_1_325' title='bbox 1588 2239 1740 2311; x_wconf 82' lang='lat' dir='ltr'><strong>justitiam,</strong></span> <span class='ocrx_word' id='word_1_326' title='bbox 1757 2235 1828 2307; x_wconf 88' lang='lat' dir='ltr'><strong>quia</strong></span> 
     </span>
    </p>
   </div>
   <div class='ocr_carea' id='block_1_3' title="bbox 124 2325 1914 2403">
    <p class='ocr_par' dir='ltr' id='par_1_3' title="bbox 124 2325 1914 2403">
     <span class='ocr_line' id='line_1_23' title="bbox 124 2325 1914 2403; baseline -0.003 -20"><span class='ocrx_word' id='word_1_327' title='bbox 124 2331 185 2383; x_wconf 87' lang='lat' dir='ltr'><strong>stat</strong></span> <span class='ocrx_word' id='word_1_328' title='bbox 199 2326 334 2399; x_wconf 83' lang='lat' dir='ltr'><strong>intelligi.</strong></span> <span class='ocrx_word' id='word_1_329' title='bbox 1004 2331 1171 2403; x_wconf 88' lang='lat' dir='ltr'><strong>quicunque</strong></span> <span class='ocrx_word' id='word_1_330' title='bbox 1186 2331 1294 2387; x_wconf 89' lang='lat' dir='ltr'><strong>divinis</strong></span> <span class='ocrx_word' id='word_1_331' title='bbox 1305 2330 1456 2402; x_wconf 72' lang='lat' dir='ltr'><strong>preceptis</strong></span> <span class='ocrx_word' id='word_1_332' title='bbox 1470 2329 1611 2386; x_wconf 90' lang='lat' dir='ltr'><strong>obediunt</strong></span> <span class='ocrx_word' id='word_1_333' title='bbox 1617 2325 1765 2398; x_wconf 70' lang='lat' dir='ltr'><strong>iustitiam</strong></span> <span class='ocrx_word' id='word_1_334' title='bbox 1781 2338 1827 2379; x_wconf 90' lang='lat' dir='ltr'><strong>ac·</strong></span> <span class='ocrx_word' id='word_1_335' title='bbox 1911 2352 1914 2359; x_wconf 83' lang='lat'><strong>.</strong></span> 
     </span>
    </p>
   </div>
   <div class='ocr_carea' id='block_1_4' title="bbox 117 2415 1899 5068">
    <p class='ocr_par' dir='ltr' id='par_1_4' title="bbox 121 2415 1899 3020">
     <span class='ocr_line' id='line_1_24' title="bbox 162 2415 1636 2493; baseline -0.001 -21"><span class='ocrx_word' id='word_1_336' title='bbox 162 2415 264 2487; x_wconf 82' lang='lat' dir='ltr'><strong>Igitur,</strong></span> <span class='ocrx_word' id='word_1_337' title='bbox 280 2423 313 2471; x_wconf 88' lang='lat' dir='ltr'><strong>ut</strong></span> <span class='ocrx_word' id='word_1_338' title='bbox 335 2417 500 2473; x_wconf 88' lang='lat' dir='ltr'><strong>ostenderet</strong></span> <span class='ocrx_word' id='word_1_339' title='bbox 522 2417 593 2488; x_wconf 92' lang='lat' dir='ltr'><strong>quid</strong></span> <span class='ocrx_word' id='word_1_340' title='bbox 607 2425 685 2473; x_wconf 88' lang='lat' dir='ltr'><strong>essct</strong></span> <span class='ocrx_word' id='word_1_341' title='bbox 709 2435 831 2491; x_wconf 87' lang='lat' dir='ltr'><strong>regnare</strong></span> <span class='ocrx_word' id='word_1_342' title='bbox 847 2435 948 2492; x_wconf 88' lang='lat' dir='ltr'><strong>pecca·</strong></span> <span class='ocrx_word' id='word_1_343' title='bbox 1003 2421 1135 2493; x_wconf 87' lang='lat' dir='ltr'><strong>quirunt,</strong></span> <span class='ocrx_word' id='word_1_344' title='bbox 1152 2420 1292 2492; x_wconf 82' lang='lat' dir='ltr'><strong>quoniam</strong></span> <span class='ocrx_word' id='word_1_345' title='bbox 1304 2419 1462 2490; x_wconf 82' lang='lat' dir='ltr'><strong>justificari</strong></span> <span class='ocrx_word' id='word_1_346' title='bbox 1478 2422 1636 2474; x_wconf 88' lang='lat' dir='ltr'><strong>merentur.</strong></span> 
     </span>
     <span class='ocr_line' id='line_1_25' title="bbox 125 2503 1827 2581; baseline -0.001 -22"><span class='ocrx_word' id='word_1_347' title='bbox 125 2509 200 2571; x_wconf 88' lang='lat' dir='ltr'><strong>tum,</strong></span> <span class='ocrx_word' id='word_1_348' title='bbox 217 2505 330 2561; x_wconf 88' lang='lat' dir='ltr'><strong>addidit</strong></span> <span class='ocrx_word' id='word_1_349' title='bbox 345 2522 351 2560; x_wconf 94' lang='lat'>:</span> <span class='ocrx_word' id='word_1_350' title='bbox 366 2505 418 2561; x_wconf 85' lang='lat' dir='ltr'><strong>Sed</strong></span> <span class='ocrx_word' id='word_1_351' title='bbox 433 2522 519 2577; x_wconf 85' lang='lat' dir='ltr'><strong>neque</strong></span> <span class='ocrx_word' id='word_1_352' title='bbox 543 2507 699 2562; x_wconf 73' lang='lat' dir='ltr'><strong>exhibeatis</strong></span> <span class='ocrx_word' id='word_1_353' title='bbox 726 2509 848 2564; x_wconf 82' lang='lat' dir='ltr'><strong>membra</strong></span> <span class='ocrx_word' id='word_1_354' title='bbox 861 2519 949 2565; x_wconf 82' lang='lat' dir='ltr'><strong>uestro</strong></span> <span class='ocrx_word' id='word_1_355' title='bbox 1039 2510 1200 2581; x_wconf 89' lang='lat' dir='ltr'><strong>Sequitur:</strong></span> <span class='ocrx_word' id='word_1_356' title='bbox 1217 2508 1326 2564; x_wconf 86' lang='lat' dir='ltr'><strong>Grotius</strong></span> <span class='ocrx_word' id='word_1_357' title='bbox 1348 2517 1440 2564; x_wconf 74' lang='lat' dir='ltr'><strong>nuum</strong></span> <span class='ocrx_word' id='word_1_358' title='bbox 1466 2509 1528 2575; x_wconf 87' lang='lat' dir='ltr'><strong>Deo,</strong></span> <span class='ocrx_word' id='word_1_359' title='bbox 1544 2507 1614 2578; x_wconf 86' lang='lat' dir='ltr'><strong>quod</strong></span> <span class='ocrx_word' id='word_1_360' title='bbox 1637 2505 1730 2575; x_wconf 70' lang='lat' dir='ltr'><strong>fuistis</strong></span> <span class='ocrx_word' id='word_1_361' title='bbox 1755 2503 1827 2558; x_wconf 88' lang='lat' dir='ltr'><strong>servi</strong></span> 
     </span>
     <span class='ocr_line' id='line_1_26' title="bbox 123 2595 1827 2671; baseline -0.001 -23"><span class='ocrx_word' id='word_1_362' title='bbox 123 2610 204 2648; x_wconf 73' lang='lat' dir='ltr'><strong>anun</strong></span> <span class='ocrx_word' id='word_1_363' title='bbox 234 2596 390 2666; x_wconf 82' lang='lat' dir='ltr'><strong>iniquitatis</strong></span> <span class='ocrx_word' id='word_1_364' title='bbox 411 2604 530 2666; x_wconf 82' lang='lat' dir='ltr'><strong>peccato.</strong></span> <span class='ocrx_word' id='word_1_365' title='bbox 555 2596 713 2651; x_wconf 82' lang='lat' dir='ltr'><strong>Sciendum</strong></span> <span class='ocrx_word' id='word_1_366' title='bbox 739 2597 810 2668; x_wconf 90' lang='lat' dir='ltr'><strong>quia</strong></span> <span class='ocrx_word' id='word_1_367' title='bbox 832 2598 948 2669; x_wconf 90' lang='lat' dir='ltr'><strong>singula</strong></span> <span class='ocrx_word' id='word_1_368' title='bbox 1000 2601 1117 2671; x_wconf 77' lang='lat' dir='ltr'><strong>perstiti,</strong></span> <span class='ocrx_word' id='word_1_369' title='bbox 1133 2599 1260 2655; x_wconf 81' lang='lat' dir='ltr'><strong>obedistis</strong></span> <span class='ocrx_word' id='word_1_370' title='bbox 1274 2608 1366 2653; x_wconf 85' lang='lat' dir='ltr'><strong>autem</strong></span> <span class='ocrx_word' id='word_1_371' title='bbox 1390 2614 1426 2654; x_wconf 80' lang='lat' dir='ltr'><strong>en·</strong></span> <span class='ocrx_word' id='word_1_372' title='bbox 1439 2598 1530 2660; x_wconf 85' lang='lat' dir='ltr'><strong>corde,</strong></span> <span class='ocrx_word' id='word_1_373' title='bbox 1546 2602 1600 2651; x_wconf 91' lang='lat' dir='ltr'><strong>etc.</strong></span> <span class='ocrx_word' id='word_1_374' title='bbox 1616 2595 1827 2664; x_wconf 82' lang='lat' dir='ltr'><strong>NotaAposto·</strong></span> 
     </span>
     <span class='ocr_line' id='line_1_27' title="bbox 122 2680 1826 2758; baseline -0.001 -21"><span class='ocrx_word' id='word_1_375' title='bbox 122 2698 178 2737; x_wconf 88' lang='lat' dir='ltr'><strong>sua</strong></span> <span class='ocrx_word' id='word_1_376' title='bbox 202 2681 311 2738; x_wconf 90' lang='lat' dir='ltr'><strong>babent</strong></span> <span class='ocrx_word' id='word_1_377' title='bbox 334 2683 450 2748; x_wconf 86' lang='lat' dir='ltr'><strong>oificia;</strong></span> <span class='ocrx_word' id='word_1_378' title='bbox 468 2683 636 2755; x_wconf 91' lang='lat' dir='ltr'><strong>quicunque</strong></span> <span class='ocrx_word' id='word_1_379' title='bbox 660 2701 728 2756; x_wconf 88' lang='lat' dir='ltr'><strong>ergo</strong></span> <span class='ocrx_word' id='word_1_380' title='bbox 752 2684 798 2739; x_wconf 92' lang='lat' dir='ltr'><strong>bis</strong></span> <span class='ocrx_word' id='word_1_381' title='bbox 814 2702 947 2757; x_wconf 85' lang='lat' dir='ltr'><strong>perverse</strong></span> <span class='ocrx_word' id='word_1_382' title='bbox 1004 2687 1066 2743; x_wconf 86' lang='lat' dir='ltr'><strong>lum</strong></span> <span class='ocrx_word' id='word_1_383' title='bbox 1080 2705 1137 2742; x_wconf 92' lang='lat' dir='ltr'><strong>non</strong></span> <span class='ocrx_word' id='word_1_384' title='bbox 1152 2687 1217 2742; x_wconf 91' lang='lat' dir='ltr'><strong>ideo</strong></span> <span class='ocrx_word' id='word_1_385' title='bbox 1232 2687 1341 2758; x_wconf 89' lang='lat' dir='ltr'><strong>gratias</strong></span> <span class='ocrx_word' id='word_1_386' title='bbox 1357 2701 1441 2758; x_wconf 89' lang='lat' dir='ltr'><strong>agere</strong></span> <span class='ocrx_word' id='word_1_387' title='bbox 1457 2685 1535 2756; x_wconf 91' lang='lat' dir='ltr'><strong>quod</strong></span> <span class='ocrx_word' id='word_1_388' title='bbox 1550 2683 1625 2738; x_wconf 86' lang='lat' dir='ltr'><strong>servi</strong></span> <span class='ocrx_word' id='word_1_389' title='bbox 1641 2681 1750 2754; x_wconf 88' lang='lat' dir='ltr'><strong>peccati</strong></span> <span class='ocrx_word' id='word_1_390' title='bbox 1764 2680 1826 2736; x_wconf 86' lang='lat' dir='ltr'><strong>iue-</strong></span> 
     </span>
     <span class='ocr_line' id='line_1_28' title="bbox 123 2771 1825 2848; baseline -0.002 -22"><span class='ocrx_word' id='word_1_391' title='bbox 123 2772 227 2836; x_wconf 90' lang='lat' dir='ltr'><strong>utitur,</strong></span> <span class='ocrx_word' id='word_1_392' title='bbox 243 2771 444 2827; x_wconf 85' lang='lat' dir='ltr'><strong>membrosus</strong></span> <span class='ocrx_word' id='word_1_393' title='bbox 466 2773 582 2828; x_wconf 80' lang='lat' dir='ltr'><strong>exbibet</strong></span> <span class='ocrx_word' id='word_1_394' title='bbox 605 2789 687 2828; x_wconf 90' lang='lat' dir='ltr'><strong>arma</strong></span> <span class='ocrx_word' id='word_1_395' title='bbox 701 2773 866 2845; x_wconf 85' lang='lat' dir='ltr'><strong>iniquitatis</strong></span> <span class='ocrx_word' id='word_1_396' title='bbox 882 2792 946 2847; x_wconf 88' lang='lat' dir='ltr'><strong>pec·</strong></span> <span class='ocrx_word' id='word_1_397' title='bbox 1002 2776 1071 2844; x_wconf 90' lang='lat' dir='ltr'><strong>rint,</strong></span> <span class='ocrx_word' id='word_1_398' title='bbox 1087 2777 1138 2832; x_wconf 91' lang='lat' dir='ltr'><strong>sed</strong></span> <span class='ocrx_word' id='word_1_399' title='bbox 1164 2777 1233 2848; x_wconf 91' lang='lat' dir='ltr'><strong>quia</strong></span> <span class='ocrx_word' id='word_1_400' title='bbox 1248 2782 1348 2847; x_wconf 90' lang='lat' dir='ltr'><strong>postea</strong></span> <span class='ocrx_word' id='word_1_401' title='bbox 1369 2774 1543 2830; x_wconf 88' lang='lat' dir='ltr'><strong>obedierint.</strong></span> <span class='ocrx_word' id='word_1_402' title='bbox 1560 2773 1600 2828; x_wconf 72' lang='lat' dir='ltr'><strong>lix</strong></span> <span class='ocrx_word' id='word_1_403' title='bbox 1623 2773 1709 2827; x_wconf 90' lang='lat' dir='ltr'><strong>corde</strong></span> <span class='ocrx_word' id='word_1_404' title='bbox 1727 2775 1825 2825; x_wconf 85' lang='lat' dir='ltr'><strong>autem</strong></span> 
     </span>
     <span class='ocr_line' id='line_1_29' title="bbox 123 2859 1827 2937; baseline -0.001 -23"><span class='ocrx_word' id='word_1_405' title='bbox 123 2864 198 2927; x_wconf 88' lang='lat' dir='ltr'><strong>cato,</strong></span> <span class='ocrx_word' id='word_1_406' title='bbox 215 2860 285 2931; x_wconf 85' lang='lat' dir='ltr'><strong>quia</strong></span> <span class='ocrx_word' id='word_1_407' title='bbox 301 2861 375 2916; x_wconf 78' lang='lat' dir='ltr'><strong>vires</strong></span> <span class='ocrx_word' id='word_1_408' title='bbox 390 2861 498 2932; x_wconf 75' lang='lat' dir='ltr'><strong>praebet</strong></span> <span class='ocrx_word' id='word_1_409' title='bbox 522 2861 649 2929; x_wconf 89' lang='lat' dir='ltr'><strong>diabolo,</strong></span> <span class='ocrx_word' id='word_1_410' title='bbox 665 2878 723 2933; x_wconf 94' lang='lat' dir='ltr'><strong>quo</strong></span> <span class='ocrx_word' id='word_1_411' title='bbox 743 2862 859 2919; x_wconf 83' lang='lat' dir='ltr'><strong>facilius</strong></span> <span class='ocrx_word' id='word_1_412' title='bbox 872 2864 948 2919; x_wconf 88' lang='lat' dir='ltr'><strong>occi·</strong></span> <span class='ocrx_word' id='word_1_413' title='bbox 1002 2866 1083 2935; x_wconf 89' lang='lat' dir='ltr'><strong>dicit,</strong></span> <span class='ocrx_word' id='word_1_414' title='bbox 1097 2870 1215 2937; x_wconf 90' lang='lat' dir='ltr'><strong>propter</strong></span> <span class='ocrx_word' id='word_1_415' title='bbox 1230 2865 1356 2920; x_wconf 86' lang='lat' dir='ltr'><strong>filiorum</strong></span> <span class='ocrx_word' id='word_1_416' title='bbox 1367 2865 1561 2936; x_wconf 62' lang='lat' dir='ltr'><strong>dignitatem</strong></span> <span class='ocrx_word' id='word_1_417' title='bbox 1577 2861 1661 2917; x_wconf 89' lang='lat' dir='ltr'><strong>aliter</strong></span> <span class='ocrx_word' id='word_1_418' title='bbox 1674 2859 1751 2915; x_wconf 88' lang='lat' dir='ltr'><strong>enim</strong></span> <span class='ocrx_word' id='word_1_419' title='bbox 1769 2875 1827 2914; x_wconf 89' lang='lat' dir='ltr'><strong>ser·</strong></span> 
     </span>
     <span class='ocr_line' id='line_1_30' title="bbox 121 2948 1899 3020; baseline -0.001 -17"><span class='ocrx_word' id='word_1_420' title='bbox 121 2948 220 3005; x_wconf 88' lang='lat' dir='ltr'><strong>datur.</strong></span> <span class='ocrx_word' id='word_1_421' title='bbox 1001 2971 1069 3017; x_wconf 84' lang='lat' dir='ltr'><strong>vus;</strong></span> <span class='ocrx_word' id='word_1_422' title='bbox 1082 2954 1165 3009; x_wconf 87' lang='lat' dir='ltr'><strong>aliter</strong></span> <span class='ocrx_word' id='word_1_423' title='bbox 1176 2954 1373 3009; x_wconf 89' lang='lat' dir='ltr'><strong>mercenarius</strong></span> <span class='ocrx_word' id='word_1_424' title='bbox 1383 2971 1390 3020; x_wconf 86' lang='lat'>;</span> <span class='ocrx_word' id='word_1_425' title='bbox 1402 2951 1585 3018; x_wconf 88' lang='lat' dir='ltr'><strong>aliterlilius;</strong></span> <span class='ocrx_word' id='word_1_426' title='bbox 1597 2966 1698 3005; x_wconf 88' lang='lat' dir='ltr'><strong>servus</strong></span> <span class='ocrx_word' id='word_1_427' title='bbox 1708 2950 1824 3014; x_wconf 89' lang='lat' dir='ltr'><strong>timore,</strong></span> <span class='ocrx_word' id='word_1_428' title='bbox 1892 2979 1899 2990; x_wconf 87' lang='lat'><strong>·</strong></span> 
     </span>
    </p>

    <p class='ocr_par' dir='ltr' id='par_1_5' title="bbox 117 3036 1876 5068">
     <span class='ocr_line' id='line_1_31' title="bbox 156 3036 1823 3114; baseline -0.002 -21"><span class='ocrx_word' id='word_1_429' title='bbox 156 3037 208 3093; x_wconf 85' lang='lat' dir='ltr'><strong>Sed</strong></span> <span class='ocrx_word' id='word_1_430' title='bbox 220 3038 343 3095; x_wconf 72' lang='lat' dir='ltr'><strong>exbibete</strong></span> <span class='ocrx_word' id='word_1_431' title='bbox 356 3055 403 3096; x_wconf 88' lang='lat' dir='ltr'><strong>nos</strong></span> <span class='ocrx_word' id='word_1_432' title='bbox 418 3041 472 3095; x_wconf 83' lang='lat' dir='ltr'><strong>beo</strong></span> <span class='ocrx_word' id='word_1_433' title='bbox 496 3041 694 3112; x_wconf 84' lang='lat' dir='ltr'><strong>(subauditur,</strong></span> <span class='ocrx_word' id='word_1_434' title='bbox 711 3041 800 3112; x_wconf 86' lang='lat' dir='ltr'><strong>vivos)</strong></span> <span class='ocrx_word' id='word_1_435' title='bbox 816 3051 948 3114; x_wconf 84' lang='lat' dir='ltr'><strong>tunquam</strong></span> <span class='ocrx_word' id='word_1_436' title='bbox 1002 3043 1200 3099; x_wconf 91' lang='lat' dir='ltr'><strong>mercenarius</strong></span> <span class='ocrx_word' id='word_1_437' title='bbox 1210 3042 1307 3098; x_wconf 92' lang='lat' dir='ltr'><strong>studio</strong></span> <span class='ocrx_word' id='word_1_438' title='bbox 1319 3039 1553 3109; x_wconf 86' lang='lat' dir='ltr'><strong>mercedis,filius</strong></span> <span class='ocrx_word' id='word_1_439' title='bbox 1564 3055 1630 3094; x_wconf 88' lang='lat' dir='ltr'><strong>vero</strong></span> <span class='ocrx_word' id='word_1_440' title='bbox 1642 3036 1704 3093; x_wconf 92' lang='lat' dir='ltr'><strong>solo</strong></span> <span class='ocrx_word' id='word_1_441' title='bbox 1715 3053 1823 3092; x_wconf 89' lang='lat' dir='ltr'><strong>amore.</strong></span> 
     </span>
     <span class='ocr_line' id='line_1_32' title="bbox 119 3124 1825 3203; baseline -0.003 -19"><span class='ocrx_word' id='word_1_442' title='bbox 119 3143 154 3184; x_wconf 73' lang='lat' dir='ltr'><strong>cc</strong></span> <span class='ocrx_word' id='word_1_443' title='bbox 167 3129 283 3183; x_wconf 84' lang='lat' dir='ltr'><strong>mortuis</strong></span> <span class='ocrx_word' id='word_1_444' title='bbox 298 3130 431 3193; x_wconf 84' lang='lat' dir='ltr'><strong>uiuentes,</strong></span> <span class='ocrx_word' id='word_1_445' title='bbox 455 3129 484 3183; x_wconf 93' lang='lat' dir='ltr'><strong>id</strong></span> <span class='ocrx_word' id='word_1_446' title='bbox 500 3135 554 3196; x_wconf 89' lang='lat' dir='ltr'><strong>est,</strong></span> <span class='ocrx_word' id='word_1_447' title='bbox 571 3135 713 3201; x_wconf 90' lang='lat' dir='ltr'><strong>tanquam</strong></span> <span class='ocrx_word' id='word_1_448' title='bbox 729 3147 746 3185; x_wconf 90' lang='lat' dir='ltr'><strong>a</strong></span> <span class='ocrx_word' id='word_1_449' title='bbox 762 3133 886 3187; x_wconf 92' lang='lat' dir='ltr'><strong>mortuis</strong></span> <span class='ocrx_word' id='word_1_450' title='bbox 902 3148 946 3187; x_wconf 92' lang='lat' dir='ltr'><strong>re·</strong></span> <span class='ocrx_word' id='word_1_451' title='bbox 1005 3132 1038 3185; x_wconf 85' lang='lat' dir='ltr'><strong>ui</strong></span> <span class='ocrx_word' id='word_1_452' title='bbox 1050 3148 1119 3203; x_wconf 92' lang='lat' dir='ltr'><strong>ergo</strong></span> <span class='ocrx_word' id='word_1_453' title='bbox 1136 3148 1170 3187; x_wconf 83' lang='lat' dir='ltr'><strong>ex</strong></span> <span class='ocrx_word' id='word_1_454' title='bbox 1185 3128 1610 3200; x_wconf 88' lang='lat' dir='ltr'><strong>cordeobsdisrunt,quoniam</strong></span> <span class='ocrx_word' id='word_1_455' title='bbox 1625 3126 1678 3180; x_wconf 88' lang='lat' dir='ltr'><strong>filii</strong></span> <span class='ocrx_word' id='word_1_456' title='bbox 1695 3126 1744 3180; x_wconf 86' lang='lat' dir='ltr'><strong>Dei</strong></span> <span class='ocrx_word' id='word_1_457' title='bbox 1756 3124 1825 3180; x_wconf 85' lang='lat' dir='ltr'><strong>iacti</strong></span> 
     </span>
     <span class='ocr_line' id='line_1_33' title="bbox 119 3207 1826 3292; baseline -0.001 -20"><span class='ocrx_word' id='word_1_458' title='bbox 119 3221 286 3288; x_wconf 86' lang='lat' dir='ltr'><strong>surgentes.</strong></span> <span class='ocrx_word' id='word_1_459' title='bbox 316 3217 351 3272; x_wconf 79' lang='lat' dir='ltr'><strong>Et</strong></span> <span class='ocrx_word' id='word_1_460' title='bbox 388 3222 433 3271; x_wconf 91' lang='lat' dir='ltr'><strong>est</strong></span> <span class='ocrx_word' id='word_1_461' title='bbox 460 3231 566 3274; x_wconf 88' lang='lat' dir='ltr'><strong>sensus</strong></span> <span class='ocrx_word' id='word_1_462' title='bbox 594 3234 601 3272; x_wconf 77' lang='grc' dir='ltr'>ι</span> <span class='ocrx_word' id='word_1_463' title='bbox 632 3219 682 3288; x_wconf 91' lang='lat' dir='ltr'><strong>qui</strong></span> <span class='ocrx_word' id='word_1_464' title='bbox 711 3220 802 3276; x_wconf 88' lang='lat' dir='ltr'><strong>semel</strong></span> <span class='ocrx_word' id='word_1_465' title='bbox 829 3207 1080 3292; x_wconf 79' lang='lat' dir='ltr'><strong>peccatoGsunt.</strong></span> <span class='ocrx_word' id='word_1_466' title='bbox 1096 3221 1177 3291; x_wconf 75' lang='lat' dir='ltr'><strong>Seps</strong></span> <span class='ocrx_word' id='word_1_467' title='bbox 1193 3219 1301 3274; x_wconf 90' lang='lat' dir='ltr'><strong>etenim</strong></span> <span class='ocrx_word' id='word_1_468' title='bbox 1312 3219 1525 3289; x_wconf 87' lang='lat' dir='ltr'><strong>Deus,proptor</strong></span> <span class='ocrx_word' id='word_1_469' title='bbox 1538 3214 1684 3272; x_wconf 90' lang='lat' dir='ltr'><strong>interioris</strong></span> <span class='ocrx_word' id='word_1_470' title='bbox 1698 3214 1826 3270; x_wconf 89' lang='lat' dir='ltr'><strong>hominis</strong></span> 
     </span>
     <span class='ocr_line' id='line_1_34' title="bbox 120 3302 1826 3380; baseline -0.001 -21"><span class='ocrx_word' id='word_1_471' title='bbox 120 3304 231 3359; x_wconf 89' lang='lat' dir='ltr'><strong>mortui</strong></span> <span class='ocrx_word' id='word_1_472' title='bbox 247 3304 330 3370; x_wconf 89' lang='lat' dir='ltr'><strong>estis,</strong></span> <span class='ocrx_word' id='word_1_473' title='bbox 345 3302 423 3359; x_wconf 90' lang='lat' dir='ltr'><strong>ultra</strong></span> <span class='ocrx_word' id='word_1_474' title='bbox 437 3304 468 3359; x_wconf 93' lang='lat' dir='ltr'><strong>in</strong></span> <span class='ocrx_word' id='word_1_475' title='bbox 488 3304 531 3360; x_wconf 91' lang='lat' dir='ltr'><strong>eis</strong></span> <span class='ocrx_word' id='word_1_476' title='bbox 544 3304 617 3361; x_wconf 84' lang='lat' dir='ltr'><strong>velle</strong></span> <span class='ocrx_word' id='word_1_477' title='bbox 638 3307 732 3362; x_wconf 86' lang='lat' dir='ltr'><strong>vivere</strong></span> <span class='ocrx_word' id='word_1_478' title='bbox 748 3324 805 3363; x_wconf 93' lang='lat' dir='ltr'><strong>non</strong></span> <span class='ocrx_word' id='word_1_479' title='bbox 821 3309 944 3380; x_wconf 86' lang='lat' dir='ltr'><strong>debetis,</strong></span> <span class='ocrx_word' id='word_1_480' title='bbox 1000 3309 1149 3375; x_wconf 69' lang='lat' dir='ltr'><strong>affectum,</strong></span> <span class='ocrx_word' id='word_1_481' title='bbox 1165 3308 1289 3379; x_wconf 88' lang='lat' dir='ltr'><strong>suscipit</strong></span> <span class='ocrx_word' id='word_1_482' title='bbox 1312 3323 1420 3362; x_wconf 88' lang='lat' dir='ltr'><strong>munus</strong></span> <span class='ocrx_word' id='word_1_483' title='bbox 1443 3305 1595 3362; x_wconf 86' lang='lat' dir='ltr'><strong>exterioris</strong></span> <span class='ocrx_word' id='word_1_484' title='bbox 1610 3323 1617 3371; x_wconf 89' lang='grc'>;</span> <span class='ocrx_word' id='word_1_485' title='bbox 1635 3304 1713 3376; x_wconf 86' lang='lat' dir='ltr'><strong>quod</strong></span> <span class='ocrx_word' id='word_1_486' title='bbox 1732 3302 1826 3358; x_wconf 88' lang='lat' dir='ltr'><strong>mani·</strong></span> 
     </span>
     <span class='ocr_line' id='line_1_35' title="bbox 117 3392 1876 3468; baseline 0.001 -21"><span class='ocrx_word' id='word_1_487' title='bbox 117 3392 217 3447; x_wconf 89' lang='lat' dir='ltr'><strong>instar</strong></span> <span class='ocrx_word' id='word_1_488' title='bbox 244 3407 357 3459; x_wconf 88' lang='lat' dir='ltr'><strong>eorum,</strong></span> <span class='ocrx_word' id='word_1_489' title='bbox 373 3392 424 3463; x_wconf 93' lang='lat' dir='ltr'><strong>qui</strong></span> <span class='ocrx_word' id='word_1_490' title='bbox 448 3393 639 3449; x_wconf 89' lang='lat' dir='ltr'><strong>resurrecturi</strong></span> <span class='ocrx_word' id='word_1_491' title='bbox 663 3401 741 3466; x_wconf 88' lang='lat' dir='ltr'><strong>sunt,</strong></span> <span class='ocrx_word' id='word_1_492' title='bbox 758 3397 866 3468; x_wconf 94' lang='lat' dir='ltr'><strong>quibus</strong></span> <span class='ocrx_word' id='word_1_493' title='bbox 892 3414 945 3455; x_wconf 90' lang='lat' dir='ltr'><strong>neo</strong></span> <span class='ocrx_word' id='word_1_494' title='bbox 999 3397 1124 3453; x_wconf 82' lang='lat' dir='ltr'><strong>testatur</strong></span> <span class='ocrx_word' id='word_1_495' title='bbox 1139 3398 1168 3452; x_wconf 91' lang='lat' dir='ltr'><strong>in</strong></span> <span class='ocrx_word' id='word_1_496' title='bbox 1179 3396 1253 3453; x_wconf 93' lang='lat' dir='ltr'><strong>libro</strong></span> <span class='ocrx_word' id='word_1_497' title='bbox 1264 3396 1396 3467; x_wconf 87' lang='lat' dir='ltr'><strong>Genesis,</strong></span> <span class='ocrx_word' id='word_1_498' title='bbox 1408 3395 1458 3450; x_wconf 91' lang='lat' dir='ltr'><strong>ubi</strong></span> <span class='ocrx_word' id='word_1_499' title='bbox 1473 3394 1580 3466; x_wconf 89' lang='lat' dir='ltr'><strong>legitur</strong></span> <span class='ocrx_word' id='word_1_500' title='bbox 1595 3410 1601 3449; x_wconf 94' lang='lat'><strong>:</strong></span> <span class='ocrx_word' id='word_1_501' title='bbox 1620 3393 1827 3464; x_wconf 75' lang='lat' dir='ltr'><strong>ltespeeitdcns</strong></span> <span class='ocrx_word' id='word_1_502' title='bbox 1872 3396 1876 3403; x_wconf 65' lang='lat'><strong>⁴</strong></span> 
     </span>
     <span class='ocr_line' id='line_1_36' title="bbox 118 3481 1825 3558; baseline 0.001 -21"><span class='ocrx_word' id='word_1_503' title='bbox 118 3495 206 3553; x_wconf 88' lang='lat' dir='ltr'><strong>posse</strong></span> <span class='ocrx_word' id='word_1_504' title='bbox 221 3481 276 3536; x_wconf 84' lang='lat' dir='ltr'><strong>erit</strong></span> <span class='ocrx_word' id='word_1_505' title='bbox 290 3497 418 3553; x_wconf 85' lang='lat' dir='ltr'><strong>paccare.</strong></span> <span class='ocrx_word' id='word_1_506' title='bbox 998 3486 1074 3558; x_wconf 77' lang='lat' dir='ltr'><strong>stet,</strong></span> <span class='ocrx_word' id='word_1_507' title='bbox 1090 3490 1116 3543; x_wconf 87' lang='lat' dir='ltr'><strong>ct</strong></span> <span class='ocrx_word' id='word_1_508' title='bbox 1129 3487 1165 3542; x_wconf 83' lang='lat' dir='ltr'><strong>cd</strong></span> <span class='ocrx_word' id='word_1_509' title='bbox 1178 3502 1298 3541; x_wconf 78' lang='lat' dir='ltr'><strong>munero</strong></span> <span class='ocrx_word' id='word_1_510' title='bbox 1319 3489 1380 3557; x_wconf 85' lang='lat' dir='ltr'><strong>ejus</strong></span> <span class='ocrx_word' id='word_1_511' title='bbox 1395 3485 1472 3557; x_wconf 85' lang='lat' dir='ltr'><strong>(Gen.</strong></span> <span class='ocrx_word' id='word_1_512' title='bbox 1490 3502 1528 3551; x_wconf 82' lang='lat' dir='ltr'><strong>iv,</strong></span> <span class='ocrx_word' id='word_1_513' title='bbox 1545 3484 1582 3552; x_wconf 77' lang='lat' dir='ltr'><strong>t).</strong></span> <span class='ocrx_word' id='word_1_514' title='bbox 1598 3484 1641 3539; x_wconf 81' lang='lat' dir='ltr'><strong>Ad</strong></span> <span class='ocrx_word' id='word_1_515' title='bbox 1658 3482 1728 3539; x_wconf 73' lang='lat' dir='ltr'><strong>Abel</strong></span> <span class='ocrx_word' id='word_1_516' title='bbox 1744 3482 1825 3553; x_wconf 85' lang='lat' dir='ltr'><strong>dicit,</strong></span> 
     </span>
     <span class='ocr_line' id='line_1_37' title="bbox 119 3570 1453 3643; baseline 0.002 -17"><span class='ocrx_word' id='word_1_517' title='bbox 119 3570 149 3626; x_wconf 76' lang='lat' dir='ltr'><strong>dt</strong></span> <span class='ocrx_word' id='word_1_518' title='bbox 164 3570 289 3626; x_wconf 77' lang='lat' dir='ltr'><strong>membro</strong></span> <span class='ocrx_word' id='word_1_519' title='bbox 311 3579 398 3626; x_wconf 74' lang='lat' dir='ltr'><strong>veruo</strong></span> <span class='ocrx_word' id='word_1_520' title='bbox 412 3587 495 3626; x_wconf 79' lang='lat' dir='ltr'><strong>arnse</strong></span> <span class='ocrx_word' id='word_1_521' title='bbox 515 3573 633 3643; x_wconf 55' lang='lat' dir='ltr'><strong>justitiis</strong></span> <span class='ocrx_word' id='word_1_522' title='bbox 647 3574 710 3629; x_wconf 84' lang='lat' dir='ltr'><strong>Deo.</strong></span> <span class='ocrx_word' id='word_1_523' title='bbox 727 3575 779 3639; x_wconf 87' lang='lat' dir='ltr'><strong>Qui</strong></span> <span class='ocrx_word' id='word_1_524' title='bbox 797 3577 943 3632; x_wconf 87' lang='lat' dir='ltr'><strong>membro·</strong></span> <span class='ocrx_word' id='word_1_525' title='bbox 998 3575 1027 3631; x_wconf 91' lang='lat' dir='ltr'><strong>id</strong></span> <span class='ocrx_word' id='word_1_526' title='bbox 1042 3580 1096 3642; x_wconf 90' lang='lat' dir='ltr'><strong>est,</strong></span> <span class='ocrx_word' id='word_1_527' title='bbox 1112 3576 1148 3631; x_wconf 90' lang='lat' dir='ltr'><strong>ad</strong></span> <span class='ocrx_word' id='word_1_528' title='bbox 1163 3576 1355 3631; x_wconf 89' lang='lat' dir='ltr'><strong>intentionem</strong></span> <span class='ocrx_word' id='word_1_529' title='bbox 1370 3573 1453 3629; x_wconf 82' lang='lat' dir='ltr'><strong>Abel.</strong></span> 
     </span>
     <span class='ocr_line' id='line_1_38' title="bbox 119 3659 1823 3736; baseline 0.001 -23"><span class='ocrx_word' id='word_1_530' title='bbox 119 3674 185 3714; x_wconf 90' lang='lat' dir='ltr'><strong>rum</strong></span> <span class='ocrx_word' id='word_1_531' title='bbox 200 3674 323 3714; x_wconf 86' lang='lat' dir='ltr'><strong>suorum</strong></span> <span class='ocrx_word' id='word_1_532' title='bbox 337 3659 442 3715; x_wconf 86' lang='lat' dir='ltr'><strong>officiis</strong></span> <span class='ocrx_word' id='word_1_533' title='bbox 462 3660 594 3717; x_wconf 86' lang='lat' dir='ltr'><strong>ordinate</strong></span> <span class='ocrx_word' id='word_1_534' title='bbox 622 3664 725 3730; x_wconf 88' lang='lat' dir='ltr'><strong>utitur,</strong></span> <span class='ocrx_word' id='word_1_535' title='bbox 742 3666 875 3720; x_wconf 88' lang='lat' dir='ltr'><strong>membra</strong></span> <span class='ocrx_word' id='word_1_536' title='bbox 890 3683 944 3722; x_wconf 90' lang='lat' dir='ltr'><strong>sua</strong></span> <span class='ocrx_word' id='word_1_537' title='bbox 1034 3666 1077 3720; x_wconf 84' lang='lat' dir='ltr'><strong>sd</strong></span> <span class='ocrx_word' id='word_1_538' title='bbox 1094 3665 1165 3736; x_wconf 93' lang='lat' dir='ltr'><strong>quid</strong></span> <span class='ocrx_word' id='word_1_539' title='bbox 1180 3670 1278 3721; x_wconf 89' lang='lat' dir='ltr'><strong>autem</strong></span> <span class='ocrx_word' id='word_1_540' title='bbox 1298 3662 1462 3719; x_wconf 87' lang='lat' dir='ltr'><strong>obedierint</strong></span> <span class='ocrx_word' id='word_1_541' title='bbox 1474 3661 1614 3734; x_wconf 90' lang='lat' dir='ltr'><strong>aperitur,</strong></span> <span class='ocrx_word' id='word_1_542' title='bbox 1630 3677 1698 3718; x_wconf 90' lang='lat' dir='ltr'><strong>cum</strong></span> <span class='ocrx_word' id='word_1_543' title='bbox 1722 3661 1823 3718; x_wconf 87' lang='lat' dir='ltr'><strong>subdi-</strong></span> 
     </span>
     <span class='ocr_line' id='line_1_39' title="bbox 120 3746 1825 3824; baseline 0.001 -22"><span class='ocrx_word' id='word_1_544' title='bbox 120 3763 199 3804; x_wconf 86' lang='lat' dir='ltr'><strong>arma</strong></span> <span class='ocrx_word' id='word_1_545' title='bbox 209 3746 333 3819; x_wconf 85' lang='lat' dir='ltr'><strong>justitias</strong></span> <span class='ocrx_word' id='word_1_546' title='bbox 348 3748 406 3805; x_wconf 89' lang='lat' dir='ltr'><strong>Deo</strong></span> <span class='ocrx_word' id='word_1_547' title='bbox 430 3748 560 3807; x_wconf 86' lang='lat' dir='ltr'><strong>exbibet.</strong></span> <span class='ocrx_word' id='word_1_548' title='bbox 575 3750 660 3806; x_wconf 90' lang='lat' dir='ltr'><strong>llsrbi</strong></span> <span class='ocrx_word' id='word_1_549' title='bbox 675 3752 780 3823; x_wconf 90' lang='lat' dir='ltr'><strong>gratia,</strong></span> <span class='ocrx_word' id='word_1_550' title='bbox 797 3754 821 3808; x_wconf 92' lang='lat' dir='ltr'><strong>si</strong></span> <span class='ocrx_word' id='word_1_551' title='bbox 837 3756 873 3810; x_wconf 91' lang='lat' dir='ltr'><strong>ad</strong></span> <span class='ocrx_word' id='word_1_552' title='bbox 888 3755 944 3811; x_wconf 87' lang='lat' dir='ltr'><strong>boo</strong></span> <span class='ocrx_word' id='word_1_553' title='bbox 998 3758 1047 3809; x_wconf 92' lang='lat' dir='ltr'><strong>tur</strong></span> <span class='ocrx_word' id='word_1_554' title='bbox 1063 3770 1069 3809; x_wconf 92' lang='lat'>:</span> <span class='ocrx_word' id='word_1_555' title='bbox 1086 3756 1117 3810; x_wconf 88' lang='lat' dir='ltr'><strong>ln</strong></span> <span class='ocrx_word' id='word_1_556' title='bbox 1131 3771 1193 3809; x_wconf 87' lang='lat' dir='ltr'><strong>com</strong></span> <span class='ocrx_word' id='word_1_557' title='bbox 1214 3756 1334 3824; x_wconf 75' lang='lat' dir='ltr'><strong>somnum</strong></span> <span class='ocrx_word' id='word_1_558' title='bbox 1358 3752 1500 3818; x_wconf 77' lang='lat' dir='ltr'><strong>doctrines,</strong></span> <span class='ocrx_word' id='word_1_559' title='bbox 1514 3753 1544 3806; x_wconf 91' lang='lat' dir='ltr'><strong>in</strong></span> <span class='ocrx_word' id='word_1_560' title='bbox 1568 3767 1622 3822; x_wconf 86' lang='lat' dir='ltr'><strong>quo</strong></span> <span class='ocrx_word' id='word_1_561' title='bbox 1637 3751 1711 3821; x_wconf 88' lang='grc'>(221)</span> <span class='ocrx_word' id='word_1_562' title='bbox 1726 3749 1825 3805; x_wconf 84' lang='lat' dir='ltr'><strong>traditi</strong></span> 
     </span>
     <span class='ocr_line' id='line_1_40' title="bbox 119 3836 1823 3913; baseline 0.003 -25"><span class='ocrx_word' id='word_1_563' title='bbox 119 3842 272 3892; x_wconf 83' lang='lat' dir='ltr'><strong>versentur</strong></span> <span class='ocrx_word' id='word_1_564' title='bbox 295 3836 369 3892; x_wconf 90' lang='lat' dir='ltr'><strong>oculi</strong></span> <span class='ocrx_word' id='word_1_565' title='bbox 396 3839 489 3892; x_wconf 88' lang='lat' dir='ltr'><strong>nostri</strong></span> <span class='ocrx_word' id='word_1_566' title='bbox 513 3838 655 3910; x_wconf 87' lang='lat' dir='ltr'><strong>incapite</strong></span> <span class='ocrx_word' id='word_1_567' title='bbox 680 3845 712 3894; x_wconf 93' lang='lat' dir='ltr'><strong>ut</strong></span> <span class='ocrx_word' id='word_1_568' title='bbox 735 3842 945 3913; x_wconf 89' lang='lat' dir='ltr'><strong>concupiscant</strong></span> <span class='ocrx_word' id='word_1_569' title='bbox 997 3845 1062 3898; x_wconf 84' lang='lat' dir='ltr'><strong>estis</strong></span> <span class='ocrx_word' id='word_1_570' title='bbox 1079 3842 1334 3913; x_wconf 88' lang='lat' dir='ltr'><strong>[subintelligitur,</strong></span> <span class='ocrx_word' id='word_1_571' title='bbox 1349 3840 1430 3911; x_wconf 82' lang='lat' dir='ltr'><strong>Deol.</strong></span> <span class='ocrx_word' id='word_1_572' title='bbox 1448 3841 1583 3896; x_wconf 79' lang='lat' dir='ltr'><strong>Formam</strong></span> <span class='ocrx_word' id='word_1_573' title='bbox 1600 3838 1737 3894; x_wconf 75' lang='lat' dir='ltr'><strong>doctrina</strong></span> <span class='ocrx_word' id='word_1_574' title='bbox 1753 3837 1823 3893; x_wconf 89' lang='lat' dir='ltr'><strong>dicit</strong></span> 
     </span>
     <span class='ocr_line' id='line_1_41' title="bbox 119 3924 1825 4002; baseline 0.001 -24"><span class='ocrx_word' id='word_1_575' title='bbox 119 3924 291 3996; x_wconf 80' lang='lat' dir='ltr'><strong>rapiantque</strong></span> <span class='ocrx_word' id='word_1_576' title='bbox 306 3925 412 3991; x_wconf 86' lang='lat' dir='ltr'><strong>aliena,</strong></span> <span class='ocrx_word' id='word_1_577' title='bbox 423 3943 506 3982; x_wconf 89' lang='lat' dir='ltr'><strong>arma</strong></span> <span class='ocrx_word' id='word_1_578' title='bbox 518 3932 588 3982; x_wconf 92' lang='lat' dir='ltr'><strong>sunt</strong></span> <span class='ocrx_word' id='word_1_579' title='bbox 602 3928 738 3995; x_wconf 84' lang='lat' dir='ltr'><strong>diabolo;</strong></span> <span class='ocrx_word' id='word_1_580' title='bbox 754 3946 770 3984; x_wconf 92' lang='lat' dir='ltr'><strong>e</strong></span> <span class='ocrx_word' id='word_1_581' title='bbox 785 3932 941 4000; x_wconf 88' lang='lat' dir='ltr'><strong>contrario,</strong></span> <span class='ocrx_word' id='word_1_582' title='bbox 998 3931 1165 4002; x_wconf 83' lang='lat' dir='ltr'><strong>exemplum</strong></span> <span class='ocrx_word' id='word_1_583' title='bbox 1182 3929 1326 4001; x_wconf 79' lang='lat' dir='ltr'><strong>Evangelii</strong></span> <span class='ocrx_word' id='word_1_584' title='bbox 1343 3946 1350 3983; x_wconf 78' lang='lat' dir='ltr'><strong>t</strong></span> <span class='ocrx_word' id='word_1_585' title='bbox 1368 3945 1426 3999; x_wconf 94' lang='lat' dir='ltr'><strong>quo</strong></span> <span class='ocrx_word' id='word_1_586' title='bbox 1441 3928 1518 3983; x_wconf 89' lang='lat' dir='ltr'><strong>dicto</strong></span> <span class='ocrx_word' id='word_1_587' title='bbox 1534 3926 1663 3983; x_wconf 88' lang='lat' dir='ltr'><strong>ostendit</strong></span> <span class='ocrx_word' id='word_1_588' title='bbox 1678 3927 1825 3981; x_wconf 84' lang='lat' dir='ltr'><strong>Romanos</strong></span> 
     </span>
     <span class='ocr_line' id='line_1_42' title="bbox 119 4012 1826 4088; baseline -0.001 -20"><span class='ocrx_word' id='word_1_589' title='bbox 119 4012 144 4068; x_wconf 90' lang='lat' dir='ltr'><strong>si</strong></span> <span class='ocrx_word' id='word_1_590' title='bbox 159 4013 194 4068; x_wconf 84' lang='lat' dir='ltr'><strong>ad</strong></span> <span class='ocrx_word' id='word_1_591' title='bbox 210 4013 265 4069; x_wconf 91' lang='lat' dir='ltr'><strong>hoe</strong></span> <span class='ocrx_word' id='word_1_592' title='bbox 279 4019 436 4074; x_wconf 87' lang='lat' dir='ltr'><strong>versantur</strong></span> <span class='ocrx_word' id='word_1_593' title='bbox 450 4020 483 4070; x_wconf 94' lang='lat' dir='ltr'><strong>ut</strong></span> <span class='ocrx_word' id='word_1_594' title='bbox 499 4032 556 4070; x_wconf 89' lang='lat' dir='ltr'><strong>nou</strong></span> <span class='ocrx_word' id='word_1_595' title='bbox 582 4022 806 4088; x_wconf 87' lang='lat' dir='ltr'><strong>concupescunt,</strong></span> <span class='ocrx_word' id='word_1_596' title='bbox 823 4035 876 4074; x_wconf 88' lang='lat' dir='ltr'><strong>nee</strong></span> <span class='ocrx_word' id='word_1_597' title='bbox 898 4037 943 4075; x_wconf 89' lang='lat' dir='ltr'><strong>ra·</strong></span> <span class='ocrx_word' id='word_1_598' title='bbox 994 4019 1080 4088; x_wconf 80' lang='lat' dir='ltr'><strong>juxta</strong></span> <span class='ocrx_word' id='word_1_599' title='bbox 1095 4019 1159 4088; x_wconf 87' lang='lat' dir='ltr'><strong>ejus</strong></span> <span class='ocrx_word' id='word_1_600' title='bbox 1171 4017 1337 4087; x_wconf 87' lang='lat' dir='ltr'><strong>exemplum</strong></span> <span class='ocrx_word' id='word_1_601' title='bbox 1361 4016 1481 4070; x_wconf 85' lang='lat' dir='ltr'><strong>Domino</strong></span> <span class='ocrx_word' id='word_1_602' title='bbox 1497 4015 1632 4070; x_wconf 88' lang='lat' dir='ltr'><strong>obedisse</strong></span> <span class='ocrx_word' id='word_1_603' title='bbox 1647 4013 1676 4067; x_wconf 93' lang='lat' dir='ltr'><strong>in</strong></span> <span class='ocrx_word' id='word_1_604' title='bbox 1693 4029 1752 4083; x_wconf 89' lang='lat' dir='ltr'><strong>qua</strong></span> <span class='ocrx_word' id='word_1_605' title='bbox 1764 4012 1826 4068; x_wconf 87' lang='lat' dir='ltr'><strong>sor-</strong></span> 
     </span>
     <span class='ocr_line' id='line_1_43' title="bbox 118 4100 1686 4174; baseline -0.001 -19"><span class='ocrx_word' id='word_1_606' title='bbox 118 4100 201 4172; x_wconf 90' lang='lat' dir='ltr'><strong>piant</strong></span> <span class='ocrx_word' id='word_1_607' title='bbox 228 4101 334 4169; x_wconf 85' lang='lat' dir='ltr'><strong>aliena,</strong></span> <span class='ocrx_word' id='word_1_608' title='bbox 357 4103 408 4158; x_wconf 90' lang='lat' dir='ltr'><strong>sed</strong></span> <span class='ocrx_word' id='word_1_609' title='bbox 430 4119 485 4159; x_wconf 91' lang='lat' dir='ltr'><strong>sua</strong></span> <span class='ocrx_word' id='word_1_610' title='bbox 513 4102 582 4160; x_wconf 91' lang='lat' dir='ltr'><strong>aliis</strong></span> <span class='ocrx_word' id='word_1_611' title='bbox 606 4104 795 4174; x_wconf 90' lang='lat' dir='ltr'><strong>distribuant,</strong></span> <span class='ocrx_word' id='word_1_612' title='bbox 812 4109 945 4164; x_wconf 87' lang='lat' dir='ltr'><strong>membra</strong></span> <span class='ocrx_word' id='word_1_613' title='bbox 999 4122 1046 4161; x_wconf 89' lang='lat' dir='ltr'><strong>ma</strong></span> <span class='ocrx_word' id='word_1_614' title='bbox 1064 4107 1119 4162; x_wconf 89' lang='lat' dir='ltr'><strong>Doo</strong></span> <span class='ocrx_word' id='word_1_615' title='bbox 1135 4104 1233 4160; x_wconf 90' lang='lat' dir='ltr'><strong>traditi</strong></span> <span class='ocrx_word' id='word_1_616' title='bbox 1251 4111 1329 4167; x_wconf 92' lang='lat' dir='ltr'><strong>sunt,</strong></span> <span class='ocrx_word' id='word_1_617' title='bbox 1351 4103 1420 4174; x_wconf 91' lang='lat' dir='ltr'><strong>quia</strong></span> <span class='ocrx_word' id='word_1_618' title='bbox 1434 4103 1498 4171; x_wconf 77' lang='lat' dir='ltr'><strong>eJ&#39;us</strong></span> <span class='ocrx_word' id='word_1_619' title='bbox 1514 4101 1566 4156; x_wconf 82' lang='lat' dir='ltr'><strong>lilii</strong></span> <span class='ocrx_word' id='word_1_620' title='bbox 1582 4101 1686 4156; x_wconf 83' lang='lat' dir='ltr'><strong>effecti.</strong></span> 
     </span>
     <span class='ocr_line' id='line_1_44' title="bbox 119 4187 1824 4268; baseline 0.001 -24"><span class='ocrx_word' id='word_1_621' title='bbox 119 4194 219 4245; x_wconf 87' lang='lat' dir='ltr'><strong>nostra</strong></span> <span class='ocrx_word' id='word_1_622' title='bbox 232 4189 364 4268; x_wconf 89' lang='lat' dir='ltr'><strong>gladium</strong></span> <span class='ocrx_word' id='word_1_623' title='bbox 387 4192 560 4248; x_wconf 75' lang='lat' dir='ltr'><strong>exhibemus</strong></span> <span class='ocrx_word' id='word_1_624' title='bbox 580 4193 648 4259; x_wconf 88' lang='lat' dir='ltr'><strong>Deo,</strong></span> <span class='ocrx_word' id='word_1_625' title='bbox 665 4211 723 4266; x_wconf 94' lang='lat' dir='ltr'><strong>quo</strong></span> <span class='ocrx_word' id='word_1_626' title='bbox 747 4202 777 4251; x_wconf 93' lang='lat' dir='ltr'><strong>et</strong></span> <span class='ocrx_word' id='word_1_627' title='bbox 791 4202 943 4268; x_wconf 87' lang='lat' dir='ltr'><strong>peccatum</strong></span> <span class='ocrx_word' id='word_1_628' title='bbox 1033 4195 1154 4251; x_wconf 83' lang='lat' dir='ltr'><strong>Liberali</strong></span> <span class='ocrx_word' id='word_1_629' title='bbox 1168 4201 1291 4248; x_wconf 79' lang='lat' dir='ltr'><strong>autento</strong></span> <span class='ocrx_word' id='word_1_630' title='bbox 1313 4195 1432 4263; x_wconf 85' lang='lat' dir='ltr'><strong>peccato.</strong></span> <span class='ocrx_word' id='word_1_631' title='bbox 1447 4189 1632 4263; x_wconf 84' lang='lat' dir='ltr'><strong>Singularem</strong></span> <span class='ocrx_word' id='word_1_632' title='bbox 1648 4206 1700 4261; x_wconf 90' lang='lat' dir='ltr'><strong>pro</strong></span> <span class='ocrx_word' id='word_1_633' title='bbox 1716 4187 1824 4262; x_wconf 88' lang='lat' dir='ltr'><strong>plurali</strong></span> 
     </span>
     <span class='ocr_line' id='line_1_45' title="bbox 119 4278 1823 4357; baseline 0 -24"><span class='ocrx_word' id='word_1_634' title='bbox 119 4278 279 4345; x_wconf 86' lang='lat' dir='ltr'><strong>occidatur,</strong></span> <span class='ocrx_word' id='word_1_635' title='bbox 287 4285 317 4335; x_wconf 92' lang='lat' dir='ltr'><strong>st</strong></span> <span class='ocrx_word' id='word_1_636' title='bbox 327 4280 598 4351; x_wconf 86' lang='lat' dir='ltr'><strong>nosjustifioemur.</strong></span> <span class='ocrx_word' id='word_1_637' title='bbox 610 4283 691 4347; x_wconf 83' lang='lat' dir='ltr'><strong>Quod</strong></span> <span class='ocrx_word' id='word_1_638' title='bbox 703 4291 821 4355; x_wconf 86' lang='lat' dir='ltr'><strong>agentes</strong></span> <span class='ocrx_word' id='word_1_639' title='bbox 832 4287 943 4356; x_wconf 86' lang='lat' dir='ltr'><strong>peccati</strong></span> <span class='ocrx_word' id='word_1_640' title='bbox 998 4284 1116 4357; x_wconf 90' lang='lat' dir='ltr'><strong>posuit;</strong></span> <span class='ocrx_word' id='word_1_641' title='bbox 1134 4283 1211 4338; x_wconf 90' lang='lat' dir='ltr'><strong>unde</strong></span> <span class='ocrx_word' id='word_1_642' title='bbox 1234 4280 1473 4338; x_wconf 89' lang='lat' dir='ltr'><strong>subaudiendum</strong></span> <span class='ocrx_word' id='word_1_643' title='bbox 1488 4285 1543 4347; x_wconf 93' lang='lat' dir='ltr'><strong>est,</strong></span> <span class='ocrx_word' id='word_1_644' title='bbox 1558 4279 1647 4335; x_wconf 91' lang='lat' dir='ltr'><strong>omni.</strong></span> <span class='ocrx_word' id='word_1_645' title='bbox 1664 4279 1743 4335; x_wconf 74' lang='lat' dir='ltr'><strong>Serri</strong></span> <span class='ocrx_word' id='word_1_646' title='bbox 1755 4280 1823 4350; x_wconf 74' lang='lat' dir='ltr'><strong>sacti</strong></span> 
     </span>
     <span class='ocr_line' id='line_1_46' title="bbox 117 4366 1821 4444; baseline 0.001 -23"><span class='ocrx_word' id='word_1_647' title='bbox 117 4366 283 4423; x_wconf 90' lang='lat' dir='ltr'><strong>dominium</strong></span> <span class='ocrx_word' id='word_1_648' title='bbox 297 4367 433 4426; x_wconf 87' lang='lat' dir='ltr'><strong>vitamus.</strong></span> <span class='ocrx_word' id='word_1_649' title='bbox 445 4369 528 4425; x_wconf 92' lang='lat' dir='ltr'><strong>Unde</strong></span> <span class='ocrx_word' id='word_1_650' title='bbox 542 4386 610 4425; x_wconf 79' lang='lat' dir='ltr'><strong>mox</strong></span> <span class='ocrx_word' id='word_1_651' title='bbox 625 4371 782 4429; x_wconf 86' lang='lat' dir='ltr'><strong>subditur:</strong></span> <span class='ocrx_word' id='word_1_652' title='bbox 799 4375 944 4431; x_wconf 84' lang='lat' dir='ltr'><strong>Peccatum</strong></span> <span class='ocrx_word' id='word_1_653' title='bbox 998 4377 1064 4430; x_wconf 79' lang='lat' dir='ltr'><strong>estis</strong></span> <span class='ocrx_word' id='word_1_654' title='bbox 1080 4374 1211 4444; x_wconf 75' lang='lat' dir='ltr'><strong>justitie.</strong></span> <span class='ocrx_word' id='word_1_655' title='bbox 1237 4371 1360 4426; x_wconf 81' lang='lat' dir='ltr'><strong>lustitia</strong></span> <span class='ocrx_word' id='word_1_656' title='bbox 1384 4370 1466 4437; x_wconf 91' lang='lat' dir='ltr'><strong>dicit,</strong></span> <span class='ocrx_word' id='word_1_657' title='bbox 1490 4370 1518 4425; x_wconf 90' lang='lat' dir='ltr'><strong>id</strong></span> <span class='ocrx_word' id='word_1_658' title='bbox 1544 4373 1598 4434; x_wconf 88' lang='lat' dir='ltr'><strong>est,</strong></span> <span class='ocrx_word' id='word_1_659' title='bbox 1615 4367 1729 4424; x_wconf 89' lang='lat' dir='ltr'><strong>Domini</strong></span> <span class='ocrx_word' id='word_1_660' title='bbox 1751 4372 1821 4423; x_wconf 85' lang='lat' dir='ltr'><strong>lesu</strong></span> 
     </span>
     <span class='ocr_line' id='line_1_47' title="bbox 117 4457 1821 4533; baseline -0.001 -22"><span class='ocrx_word' id='word_1_661' title='bbox 117 4458 192 4511; x_wconf 82' lang='lat' dir='ltr'><strong>snr&#39;sn</strong></span> <span class='ocrx_word' id='word_1_662' title='bbox 206 4459 282 4513; x_wconf 86' lang='lat' dir='ltr'><strong>vobis</strong></span> <span class='ocrx_word' id='word_1_663' title='bbox 295 4473 351 4513; x_wconf 86' lang='lat' dir='ltr'><strong>nou</strong></span> <span class='ocrx_word' id='word_1_664' title='bbox 361 4458 570 4528; x_wconf 54' lang='lat' dir='ltr'><strong>dominatuum·</strong></span> <span class='ocrx_word' id='word_1_665' title='bbox 586 4463 724 4515; x_wconf 85' lang='lat' dir='ltr'><strong>nonenim</strong></span> <span class='ocrx_word' id='word_1_666' title='bbox 738 4463 788 4516; x_wconf 71' lang='lat' dir='ltr'><strong>sne</strong></span> <span class='ocrx_word' id='word_1_667' title='bbox 803 4463 942 4533; x_wconf 74' lang='lat' dir='ltr'><strong>leycestis,</strong></span> <span class='ocrx_word' id='word_1_668' title='bbox 998 4462 1105 4518; x_wconf 88' lang='lat' dir='ltr'><strong>Christi</strong></span> <span class='ocrx_word' id='word_1_669' title='bbox 1121 4461 1171 4532; x_wconf 92' lang='lat' dir='ltr'><strong>qui</strong></span> <span class='ocrx_word' id='word_1_670' title='bbox 1186 4466 1231 4516; x_wconf 90' lang='lat' dir='ltr'><strong>est</strong></span> <span class='ocrx_word' id='word_1_671' title='bbox 1251 4460 1369 4531; x_wconf 86' lang='lat' dir='ltr'><strong>justitia</strong></span> <span class='ocrx_word' id='word_1_672' title='bbox 1391 4459 1495 4526; x_wconf 86' lang='lat' dir='ltr'><strong>Patris,</strong></span> <span class='ocrx_word' id='word_1_673' title='bbox 1513 4457 1705 4528; x_wconf 91' lang='lat' dir='ltr'><strong>omniumque</strong></span> <span class='ocrx_word' id='word_1_674' title='bbox 1728 4457 1821 4511; x_wconf 86' lang='lat' dir='ltr'><strong>virtu-</strong></span> 
     </span>
     <span class='ocr_line' id='line_1_48' title="bbox 117 4545 1519 4639; baseline 0.002 -39"><span class='ocrx_word' id='word_1_675' title='bbox 117 4545 163 4600; x_wconf 81' lang='lat' dir='ltr'><strong>sed</strong></span> <span class='ocrx_word' id='word_1_676' title='bbox 176 4546 348 4616; x_wconf 72' lang='lat' dir='ltr'><strong>migratio,</strong></span> <span class='ocrx_word' id='word_1_677' title='bbox 364 4546 393 4601; x_wconf 89' lang='lat' dir='ltr'><strong>id</strong></span> <span class='ocrx_word' id='word_1_678' title='bbox 416 4552 472 4613; x_wconf 90' lang='lat' dir='ltr'><strong>est,</strong></span> <span class='ocrx_word' id='word_1_679' title='bbox 488 4562 546 4602; x_wconf 93' lang='lat' dir='ltr'><strong>non</strong></span> <span class='ocrx_word' id='word_1_680' title='bbox 570 4547 640 4604; x_wconf 91' lang='lat' dir='ltr'><strong>estis</strong></span> <span class='ocrx_word' id='word_1_681' title='bbox 666 4550 789 4621; x_wconf 82' lang='lat' dir='ltr'><strong>parvuli,</strong></span> <span class='ocrx_word' id='word_1_682' title='bbox 806 4552 856 4608; x_wconf 94' lang='lat' dir='ltr'><strong>sed</strong></span> <span class='ocrx_word' id='word_1_683' title='bbox 877 4570 943 4625; x_wconf 90' lang='lat' dir='ltr'><strong>per·</strong></span> <span class='ocrx_word' id='word_1_684' title='bbox 959 4574 983 4639; x_wconf 75' lang='lat' dir='ltr'>D</span> <span class='ocrx_word' id='word_1_685' title='bbox 1001 4554 1063 4607; x_wconf 91' lang='lat' dir='ltr'><strong>tum</strong></span> <span class='ocrx_word' id='word_1_686' title='bbox 1079 4568 1141 4623; x_wconf 79' lang='lat' dir='ltr'><strong>qus</strong></span> <span class='ocrx_word' id='word_1_687' title='bbox 1156 4551 1185 4605; x_wconf 93' lang='lat' dir='ltr'><strong>in</strong></span> <span class='ocrx_word' id='word_1_688' title='bbox 1201 4550 1265 4622; x_wconf 91' lang='lat' dir='ltr'><strong>ipso</strong></span> <span class='ocrx_word' id='word_1_689' title='bbox 1280 4549 1519 4621; x_wconf 85' lang='lat' dir='ltr'><strong>interpretantur.</strong></span> 
     </span>
     <span class='ocr_line' id='line_1_49' title="bbox 117 4633 1822 4714; baseline 0.002 -25"><span class='ocrx_word' id='word_1_690' title='bbox 117 4633 194 4690; x_wconf 80' lang='lat' dir='ltr'><strong>lecti.</strong></span> <span class='ocrx_word' id='word_1_691' title='bbox 212 4635 271 4690; x_wconf 88' lang='lat' dir='ltr'><strong>Sub</strong></span> <span class='ocrx_word' id='word_1_692' title='bbox 282 4634 344 4707; x_wconf 89' lang='lat' dir='ltr'><strong>legs</strong></span> <span class='ocrx_word' id='word_1_693' title='bbox 359 4637 489 4707; x_wconf 89' lang='lat' dir='ltr'><strong>suntqui</strong></span> <span class='ocrx_word' id='word_1_694' title='bbox 505 4635 598 4707; x_wconf 88' lang='lat' dir='ltr'><strong>legem</strong></span> <span class='ocrx_word' id='word_1_695' title='bbox 611 4638 805 4696; x_wconf 88' lang='lat' dir='ltr'><strong>carnaliteret</strong></span> <span class='ocrx_word' id='word_1_696' title='bbox 821 4641 945 4714; x_wconf 88' lang='lat' dir='ltr'><strong>implent</strong></span> <span class='ocrx_word' id='word_1_697' title='bbox 1036 4642 1192 4696; x_wconf 82' lang='lat' dir='ltr'><strong>Humanum</strong></span> <span class='ocrx_word' id='word_1_698' title='bbox 1204 4638 1264 4693; x_wconf 88' lang='lat' dir='ltr'><strong>dico</strong></span> <span class='ocrx_word' id='word_1_699' title='bbox 1278 4645 1388 4709; x_wconf 85' lang='lat' dir='ltr'><strong>propter</strong></span> <span class='ocrx_word' id='word_1_700' title='bbox 1402 4636 1593 4705; x_wconf 76' lang='lat' dir='ltr'><strong>infirmitatem</strong></span> <span class='ocrx_word' id='word_1_701' title='bbox 1607 4637 1699 4689; x_wconf 84' lang='lat' dir='ltr'><strong>curnis</strong></span> <span class='ocrx_word' id='word_1_702' title='bbox 1712 4644 1822 4693; x_wconf 77' lang='lat' dir='ltr'><strong>uestrae.</strong></span> 
     </span>
     <span class='ocr_line' id='line_1_50' title="bbox 119 4722 1825 4802; baseline 0 -24"><span class='ocrx_word' id='word_1_703' title='bbox 119 4727 147 4778; x_wconf 88' lang='lat' dir='ltr'><strong>et</strong></span> <span class='ocrx_word' id='word_1_704' title='bbox 161 4722 352 4797; x_wconf 89' lang='lat' dir='ltr'><strong>intelligunt;</strong></span> <span class='ocrx_word' id='word_1_705' title='bbox 369 4725 425 4781; x_wconf 82' lang='lat' dir='ltr'><strong>sub</strong></span> <span class='ocrx_word' id='word_1_706' title='bbox 440 4725 534 4797; x_wconf 90' lang='lat' dir='ltr'><strong>gratia</strong></span> <span class='ocrx_word' id='word_1_707' title='bbox 547 4741 625 4794; x_wconf 84' lang='lat' dir='ltr'><strong>vero,</strong></span> <span class='ocrx_word' id='word_1_708' title='bbox 643 4727 693 4798; x_wconf 93' lang='lat' dir='ltr'><strong>qui</strong></span> <span class='ocrx_word' id='word_1_709' title='bbox 709 4729 810 4786; x_wconf 87' lang='lat' dir='ltr'><strong>eadem</strong></span> <span class='ocrx_word' id='word_1_710' title='bbox 825 4731 942 4802; x_wconf 83' lang='lat' dir='ltr'><strong>spirits-</strong></span> <span class='ocrx_word' id='word_1_711' title='bbox 1001 4729 1076 4802; x_wconf 82' lang='lat'>(222)</span> <span class='ocrx_word' id='word_1_712' title='bbox 1093 4729 1152 4784; x_wconf 88' lang='lat' dir='ltr'><strong>Hoc</strong></span> <span class='ocrx_word' id='word_1_713' title='bbox 1168 4728 1230 4783; x_wconf 89' lang='lat' dir='ltr'><strong>loco</strong></span> <span class='ocrx_word' id='word_1_714' title='bbox 1246 4741 1388 4798; x_wconf 87' lang='lat' dir='ltr'><strong>magnum</strong></span> <span class='ocrx_word' id='word_1_715' title='bbox 1414 4725 1476 4779; x_wconf 91' lang='lat' dir='ltr'><strong>suis</strong></span> <span class='ocrx_word' id='word_1_716' title='bbox 1492 4723 1675 4781; x_wconf 92' lang='lat' dir='ltr'><strong>auditoribus</strong></span> <span class='ocrx_word' id='word_1_717' title='bbox 1700 4723 1825 4780; x_wconf 91' lang='lat' dir='ltr'><strong>incussit</strong></span> 
     </span>
     <span class='ocr_line' id='line_1_51' title="bbox 117 4804 1820 4893; baseline 0.002 -28"><span class='ocrx_word' id='word_1_718' title='bbox 117 4809 228 4868; x_wconf 84' lang='lat' dir='ltr'><strong>litaret</strong></span> <span class='ocrx_word' id='word_1_719' title='bbox 251 4812 421 4885; x_wconf 87' lang='lat' dir='ltr'><strong>intelligunt</strong></span> <span class='ocrx_word' id='word_1_720' title='bbox 444 4818 473 4868; x_wconf 89' lang='lat' dir='ltr'><strong>et</strong></span> <span class='ocrx_word' id='word_1_721' title='bbox 496 4812 628 4885; x_wconf 91' lang='lat' dir='ltr'><strong>implent.</strong></span> <span class='ocrx_word' id='word_1_722' title='bbox 645 4816 685 4870; x_wconf 85' lang='lat' dir='ltr'><strong>Ac</strong></span> <span class='ocrx_word' id='word_1_723' title='bbox 707 4832 758 4887; x_wconf 88' lang='lat' dir='ltr'><strong>per</strong></span> <span class='ocrx_word' id='word_1_724' title='bbox 780 4817 835 4873; x_wconf 91' lang='lat' dir='ltr'><strong>hoe</strong></span> <span class='ocrx_word' id='word_1_725' title='bbox 847 4821 946 4876; x_wconf 86' lang='lat' dir='ltr'><strong>datur</strong></span> <span class='ocrx_word' id='word_1_726' title='bbox 999 4819 1152 4893; x_wconf 84' lang='lat' dir='ltr'><strong>pudorem.</strong></span> <span class='ocrx_word' id='word_1_727' title='bbox 1165 4816 1238 4882; x_wconf 86' lang='lat' dir='ltr'><strong>Quid</strong></span> <span class='ocrx_word' id='word_1_728' title='bbox 1249 4831 1316 4870; x_wconf 86' lang='lat' dir='ltr'><strong>vero</strong></span> <span class='ocrx_word' id='word_1_729' title='bbox 1332 4813 1434 4870; x_wconf 91' lang='lat' dir='ltr'><strong>sithoc</strong></span> <span class='ocrx_word' id='word_1_730' title='bbox 1445 4804 1820 4885; x_wconf 85' lang='lat' dir='ltr'><strong>manifesta,subjungens:</strong></span> 
     </span>
     <span class='ocr_line' id='line_1_52' title="bbox 118 4898 1821 4980; baseline 0.002 -26"><span class='ocrx_word' id='word_1_731' title='bbox 118 4898 243 4973; x_wconf 86' lang='lat' dir='ltr'><strong>intelligi</strong></span> <span class='ocrx_word' id='word_1_732' title='bbox 258 4902 331 4974; x_wconf 93' lang='lat' dir='ltr'><strong>quia</strong></span> <span class='ocrx_word' id='word_1_733' title='bbox 355 4901 443 4958; x_wconf 90' lang='lat' dir='ltr'><strong>multi</strong></span> <span class='ocrx_word' id='word_1_734' title='bbox 471 4907 541 4957; x_wconf 91' lang='lat' dir='ltr'><strong>sunt</strong></span> <span class='ocrx_word' id='word_1_735' title='bbox 565 4902 595 4957; x_wconf 91' lang='lat' dir='ltr'><strong>in</strong></span> <span class='ocrx_word' id='word_1_736' title='bbox 620 4901 684 4975; x_wconf 90' lang='lat' dir='ltr'><strong>lege</strong></span> <span class='ocrx_word' id='word_1_737' title='bbox 698 4906 748 4975; x_wconf 90' lang='lat' dir='ltr'><strong>qui</strong></span> <span class='ocrx_word' id='word_1_738' title='bbox 772 4908 827 4962; x_wconf 90' lang='lat' dir='ltr'><strong>sub</strong></span> <span class='ocrx_word' id='word_1_739' title='bbox 851 4911 946 4980; x_wconf 85' lang='lat' dir='ltr'><strong>gratia</strong></span> <span class='ocrx_word' id='word_1_740' title='bbox 1000 4907 1076 4964; x_wconf 76' lang='lat' dir='ltr'><strong>seco</strong></span> <span class='ocrx_word' id='word_1_741' title='bbox 1091 4907 1253 4962; x_wconf 74' lang='lat' dir='ltr'><strong>exhibuistis</strong></span> <span class='ocrx_word' id='word_1_742' title='bbox 1267 4905 1390 4960; x_wconf 80' lang='lat' dir='ltr'><strong>ruemtrc</strong></span> <span class='ocrx_word' id='word_1_743' title='bbox 1404 4912 1505 4969; x_wconf 86' lang='lat' dir='ltr'><strong>vestro,</strong></span> <span class='ocrx_word' id='word_1_744' title='bbox 1523 4906 1576 4958; x_wconf 88' lang='lat' dir='ltr'><strong>stc.</strong></span> <span class='ocrx_word' id='word_1_745' title='bbox 1592 4908 1634 4957; x_wconf 83' lang='lat' dir='ltr'><strong>Ac</strong></span> <span class='ocrx_word' id='word_1_746' title='bbox 1648 4903 1673 4958; x_wconf 92' lang='lat' dir='ltr'><strong>si</strong></span> <span class='ocrx_word' id='word_1_747' title='bbox 1688 4903 1821 4957; x_wconf 85' lang='lat' dir='ltr'><strong>diceret:</strong></span> 
     </span>
     <span class='ocr_line' id='line_1_53' title="bbox 117 4989 1822 5068; baseline 0 -24"><span class='ocrx_word' id='word_1_748' title='bbox 117 4989 231 5058; x_wconf 79' lang='lat' dir='ltr'><strong>vivunt,</strong></span> <span class='ocrx_word' id='word_1_749' title='bbox 246 4994 275 5047; x_wconf 91' lang='lat' dir='ltr'><strong>et</strong></span> <span class='ocrx_word' id='word_1_750' title='bbox 293 4991 323 5046; x_wconf 91' lang='lat' dir='ltr'><strong>in</strong></span> <span class='ocrx_word' id='word_1_751' title='bbox 333 4990 438 5063; x_wconf 86' lang='lat' dir='ltr'><strong>gratia,</strong></span> <span class='ocrx_word' id='word_1_752' title='bbox 450 4990 499 5062; x_wconf 93' lang='lat' dir='ltr'><strong>qui</strong></span> <span class='ocrx_word' id='word_1_753' title='bbox 514 4991 569 5046; x_wconf 88' lang='lat' dir='ltr'><strong>snb</strong></span> <span class='ocrx_word' id='word_1_754' title='bbox 589 4990 652 5062; x_wconf 88' lang='lat' dir='ltr'><strong>lege</strong></span> <span class='ocrx_word' id='word_1_755' title='bbox 671 4991 782 5048; x_wconf 74' lang='lat' dir='ltr'><strong>urunt.</strong></span> <span class='ocrx_word' id='word_1_756' title='bbox 793 4996 848 5050; x_wconf 86' lang='lat' dir='ltr'><strong>Sed</strong></span> <span class='ocrx_word' id='word_1_757' title='bbox 864 5003 944 5068; x_wconf 91' lang='lat' dir='ltr'><strong>pote·</strong></span> <span class='ocrx_word' id='word_1_758' title='bbox 1000 4996 1075 5060; x_wconf 86' lang='lat' dir='ltr'><strong>Ouid</strong></span> <span class='ocrx_word' id='word_1_759' title='bbox 1089 4995 1260 5064; x_wconf 84' lang='lat' dir='ltr'><strong>humanius,</strong></span> <span class='ocrx_word' id='word_1_760' title='bbox 1278 4993 1348 5065; x_wconf 94' lang='lat' dir='ltr'><strong>quid</strong></span> <span class='ocrx_word' id='word_1_761' title='bbox 1364 4992 1467 5060; x_wconf 90' lang='lat' dir='ltr'><strong>levius,</strong></span> <span class='ocrx_word' id='word_1_762' title='bbox 1479 5008 1567 5063; x_wconf 89' lang='lat' dir='ltr'><strong>quam</strong></span> <span class='ocrx_word' id='word_1_763' title='bbox 1583 4995 1626 5059; x_wconf 92' lang='lat' dir='ltr'><strong>ut,</strong></span> <span class='ocrx_word' id='word_1_764' title='bbox 1638 4993 1715 5046; x_wconf 89' lang='lat' dir='ltr'><strong>sicut</strong></span> <span class='ocrx_word' id='word_1_765' title='bbox 1725 4989 1822 5044; x_wconf 85' lang='lat' dir='ltr'><strong>fuistis</strong></span> 
     </span>
    </p>
   </div>
   <div class='ocr_carea' id='block_1_5' title="bbox 117 5077 1928 5158">
    <p class='ocr_par' dir='ltr' id='par_1_6' title="bbox 117 5077 1928 5158">
     <span class='ocr_line' id='line_1_54' title="bbox 117 5077 1928 5158; baseline -0.001 -23"><span class='ocrx_word' id='word_1_766' title='bbox 117 5083 185 5135; x_wconf 87' lang='lat' dir='ltr'><strong>rant</strong></span> <span class='ocrx_word' id='word_1_767' title='bbox 194 5077 343 5152; x_wconf 85' lang='lat' dir='ltr'><strong>simplices</strong></span> <span class='ocrx_word' id='word_1_768' title='bbox 354 5084 383 5135; x_wconf 89' lang='lat' dir='ltr'><strong>et</strong></span> <span class='ocrx_word' id='word_1_769' title='bbox 394 5079 493 5135; x_wconf 90' lang='lat' dir='ltr'><strong>minus</strong></span> <span class='ocrx_word' id='word_1_770' title='bbox 502 5078 700 5152; x_wconf 89' lang='lat' dir='ltr'><strong>intelligentes</strong></span> <span class='ocrx_word' id='word_1_771' title='bbox 711 5083 747 5137; x_wconf 90' lang='lat' dir='ltr'><strong>ad</strong></span> <span class='ocrx_word' id='word_1_772' title='bbox 756 5082 817 5139; x_wconf 87' lang='lat' dir='ltr'><strong>baeo</strong></span> <span class='ocrx_word' id='word_1_773' title='bbox 827 5100 945 5157; x_wconf 90' lang='lat' dir='ltr'><strong>respon·</strong></span> <span class='ocrx_word' id='word_1_774' title='bbox 999 5084 1127 5158; x_wconf 89' lang='lat' dir='ltr'><strong>prompti</strong></span> <span class='ocrx_word' id='word_1_775' title='bbox 1138 5084 1174 5140; x_wconf 92' lang='lat' dir='ltr'><strong>ad</strong></span> <span class='ocrx_word' id='word_1_776' title='bbox 1186 5083 1306 5152; x_wconf 87' lang='lat' dir='ltr'><strong>malurn,</strong></span> <span class='ocrx_word' id='word_1_777' title='bbox 1318 5082 1359 5138; x_wconf 90' lang='lat' dir='ltr'><strong>ita</strong></span> <span class='ocrx_word' id='word_1_778' title='bbox 1368 5081 1432 5137; x_wconf 90' lang='lat' dir='ltr'><strong>sitis</strong></span> <span class='ocrx_word' id='word_1_779' title='bbox 1444 5082 1479 5137; x_wconf 89' lang='lat' dir='ltr'><strong>ad</strong></span> <span class='ocrx_word' id='word_1_780' title='bbox 1492 5081 1622 5137; x_wconf 76' lang='lat' dir='ltr'><strong>bonum?</strong></span> <span class='ocrx_word' id='word_1_781' title='bbox 1634 5081 1692 5151; x_wconf 84' lang='lat' dir='ltr'><strong>Ego</strong></span> <span class='ocrx_word' id='word_1_782' title='bbox 1703 5077 1822 5147; x_wconf 88' lang='lat' dir='ltr'><strong>quidem</strong></span> <span class='ocrx_word' id='word_1_783' title='bbox 1925 5093 1928 5100; x_wconf 91' lang='lat'>·</span> 
     </span>
    </p>
   </div>
   <div class='ocr_carea' id='block_1_6' title="bbox 117 5165 1823 5245">
    <p class='ocr_par' dir='ltr' id='par_1_7' title="bbox 117 5165 1823 5245">
     <span class='ocr_line' id='line_1_55' title="bbox 117 5165 1823 5245; baseline -0.001 -22"><span class='ocrx_word' id='word_1_784' title='bbox 117 5168 186 5223; x_wconf 87' lang='lat' dir='ltr'><strong>dsrc</strong></span> <span class='ocrx_word' id='word_1_785' title='bbox 199 5169 249 5225; x_wconf 87' lang='lat' dir='ltr'><strong>:Si</strong></span> <span class='ocrx_word' id='word_1_786' title='bbox 264 5184 322 5225; x_wconf 91' lang='lat' dir='ltr'><strong>non</strong></span> <span class='ocrx_word' id='word_1_787' title='bbox 338 5184 441 5224; x_wconf 89' lang='lat' dir='ltr'><strong>sumus</strong></span> <span class='ocrx_word' id='word_1_788' title='bbox 451 5169 506 5223; x_wconf 88' lang='lat' dir='ltr'><strong>snb</strong></span> <span class='ocrx_word' id='word_1_789' title='bbox 522 5166 594 5242; x_wconf 90' lang='lat' dir='ltr'><strong>lege,</strong></span> <span class='ocrx_word' id='word_1_790' title='bbox 611 5170 662 5224; x_wconf 90' lang='lat' dir='ltr'><strong>sed</strong></span> <span class='ocrx_word' id='word_1_791' title='bbox 678 5170 733 5225; x_wconf 93' lang='lat' dir='ltr'><strong>sub</strong></span> <span class='ocrx_word' id='word_1_792' title='bbox 748 5171 854 5243; x_wconf 88' lang='lat' dir='ltr'><strong>gratia,</strong></span> <span class='ocrx_word' id='word_1_793' title='bbox 875 5174 945 5245; x_wconf 90' lang='lat' dir='ltr'><strong>quia</strong></span> <span class='ocrx_word' id='word_1_794' title='bbox 999 5173 1092 5230; x_wconf 89' lang='lat' dir='ltr'><strong>multo</strong></span> <span class='ocrx_word' id='word_1_795' title='bbox 1103 5176 1216 5244; x_wconf 86' lang='lat' dir='ltr'><strong>majora</strong></span> <span class='ocrx_word' id='word_1_796' title='bbox 1226 5172 1334 5229; x_wconf 77' lang='lat' dir='ltr'><strong>anobis</strong></span> <span class='ocrx_word' id='word_1_797' title='bbox 1345 5170 1458 5243; x_wconf 82' lang='lat' dir='ltr'><strong>exigere</strong></span> <span class='ocrx_word' id='word_1_798' title='bbox 1468 5165 1823 5238; x_wconf 74' lang='lat' dir='ltr'><strong>debuistvospromptio-</strong></span> 
     </span>
    </p>
   </div>
   <div class='ocr_carea' id='block_1_7' title="bbox 117 5362 1823 5726">
    <p class='ocr_par' dir='ltr' id='par_1_8' title="bbox 151 5362 1350 5443">
     <span class='ocr_line' id='line_1_56' title="bbox 151 5362 1350 5443; baseline 0.005 -26"><span class='ocrx_word' id='word_1_799' title='bbox 151 5363 228 5436; x_wconf 89' lang='grc'>(217)</span> <span class='ocrx_word' id='word_1_800' title='bbox 244 5366 275 5420; x_wconf 92' lang='lat' dir='ltr'><strong>ln</strong></span> <span class='ocrx_word' id='word_1_801' title='bbox 298 5369 412 5437; x_wconf 88' lang='lat' dir='ltr'><strong>autogr.</strong></span> <span class='ocrx_word' id='word_1_802' title='bbox 429 5364 471 5420; x_wconf 91' lang='lat' dir='ltr'><strong>sic</strong></span> <span class='ocrx_word' id='word_1_803' title='bbox 495 5362 613 5437; x_wconf 90' lang='lat' dir='ltr'><strong>legitur,</strong></span> <span class='ocrx_word' id='word_1_804' title='bbox 629 5380 711 5420; x_wconf 87' lang='lat' dir='ltr'><strong>nemo</strong></span> <span class='ocrx_word' id='word_1_805' title='bbox 736 5370 812 5424; x_wconf 87' lang='lat' dir='ltr'><strong>nouit</strong></span> <span class='ocrx_word' id='word_1_806' title='bbox 826 5370 864 5425; x_wconf 85' lang='lat' dir='ltr'><strong>ad</strong></span> <span class='ocrx_word' id='word_1_807' title='bbox 885 5371 943 5426; x_wconf 87' lang='lat' dir='ltr'><strong>Po·</strong></span> <span class='ocrx_word' id='word_1_808' title='bbox 1045 5369 1109 5441; x_wconf 87' lang='grc'>219)</span> <span class='ocrx_word' id='word_1_809' title='bbox 1123 5368 1209 5443; x_wconf 86' lang='lat' dir='ltr'><strong>Vulg.</strong></span> <span class='ocrx_word' id='word_1_810' title='bbox 1224 5369 1350 5425; x_wconf 78' lang='lat' dir='ltr'><strong>obeditis.</strong></span> 
     </span>
    </p>

    <p class='ocr_par' dir='ltr' id='par_1_9' title="bbox 117 5435 1402 5516">
     <span class='ocr_line' id='line_1_57' title="bbox 117 5435 1402 5516; baseline 0.003 -26"><span class='ocrx_word' id='word_1_811' title='bbox 117 5441 197 5491; x_wconf 75' lang='lat' dir='ltr'><strong>trena</strong></span> <span class='ocrx_word' id='word_1_812' title='bbox 223 5436 357 5492; x_wconf 83' lang='lat' dir='ltr'><strong>Fortasse</strong></span> <span class='ocrx_word' id='word_1_813' title='bbox 380 5452 458 5491; x_wconf 84' lang='lat' dir='ltr'><strong>uento</strong></span> <span class='ocrx_word' id='word_1_814' title='bbox 473 5439 556 5501; x_wconf 85' lang='lat' dir='ltr'><strong>venit,</strong></span> <span class='ocrx_word' id='word_1_815' title='bbox 567 5435 653 5507; x_wconf 85' lang='lat' dir='ltr'><strong>juxta</strong></span> <span class='ocrx_word' id='word_1_816' title='bbox 679 5436 751 5492; x_wconf 92' lang='lat' dir='ltr'><strong>illud</strong></span> <span class='ocrx_word' id='word_1_817' title='bbox 776 5441 861 5496; x_wconf 80' lang='lat' dir='ltr'><strong>ioan.</strong></span> <span class='ocrx_word' id='word_1_818' title='bbox 878 5459 941 5516; x_wconf 87' lang='lat' dir='ltr'><strong>cap.</strong></span> <span class='ocrx_word' id='word_1_819' title='bbox 1043 5443 1107 5514; x_wconf 88' lang='grc'>220)</span> <span class='ocrx_word' id='word_1_820' title='bbox 1122 5440 1208 5515; x_wconf 91' lang='lat' dir='ltr'><strong>Vulg.</strong></span> <span class='ocrx_word' id='word_1_821' title='bbox 1225 5442 1260 5498; x_wconf 88' lang='lat' dir='ltr'><strong>ud</strong></span> <span class='ocrx_word' id='word_1_822' title='bbox 1274 5445 1402 5496; x_wconf 85' lang='lat' dir='ltr'><strong>mortem.</strong></span> 
     </span>
    </p>

    <p class='ocr_par' dir='ltr' id='par_1_10' title="bbox 119 5509 1362 5586">
     <span class='ocr_line' id='line_1_58' title="bbox 119 5509 1362 5586; baseline 0.004 -25"><span class='ocrx_word' id='word_1_823' title='bbox 119 5523 175 5571; x_wconf 82' lang='lat' dir='ltr'><strong>xiv,</strong></span> <span class='ocrx_word' id='word_1_824' title='bbox 193 5525 219 5560; x_wconf 89' lang='lat' dir='ltr'><strong>v.</strong></span> <span class='ocrx_word' id='word_1_825' title='bbox 235 5510 253 5561; x_wconf 89' lang='grc'>6</span> <span class='ocrx_word' id='word_1_826' title='bbox 269 5526 275 5564; x_wconf 90' lang='grc'>;</span> <span class='ocrx_word' id='word_1_827' title='bbox 290 5509 372 5564; x_wconf 87' lang='lat' dir='ltr'><strong>Nemo</strong></span> <span class='ocrx_word' id='word_1_828' title='bbox 386 5509 460 5563; x_wconf 85' lang='lat' dir='ltr'><strong>uenit</strong></span> <span class='ocrx_word' id='word_1_829' title='bbox 474 5510 510 5562; x_wconf 85' lang='lat' dir='ltr'><strong>ud</strong></span> <span class='ocrx_word' id='word_1_830' title='bbox 522 5509 636 5563; x_wconf 84' lang='lat' dir='ltr'><strong>Patrem</strong></span> <span class='ocrx_word' id='word_1_831' title='bbox 649 5509 707 5563; x_wconf 88' lang='lat' dir='ltr'><strong>nisi</strong></span> <span class='ocrx_word' id='word_1_832' title='bbox 717 5526 768 5579; x_wconf 86' lang='lat' dir='ltr'><strong>per</strong></span> <span class='ocrx_word' id='word_1_833' title='bbox 780 5528 833 5568; x_wconf 87' lang='lat' dir='ltr'><strong>me.</strong></span> <span class='ocrx_word' id='word_1_834' title='bbox 1043 5515 1093 5568; x_wconf 86' lang='grc'><strong>221</strong></span> <span class='ocrx_word' id='word_1_835' title='bbox 1120 5513 1205 5585; x_wconf 89' lang='lat' dir='ltr'><strong>Vulg.</strong></span> <span class='ocrx_word' id='word_1_836' title='bbox 1223 5517 1253 5569; x_wconf 87' lang='lat' dir='ltr'><strong>in</strong></span> <span class='ocrx_word' id='word_1_837' title='bbox 1268 5530 1362 5586; x_wconf 85' lang='lat' dir='ltr'><strong>quom.</strong></span> 
     </span>
    </p>

    <p class='ocr_par' dir='ltr' id='par_1_11' title="bbox 119 5577 1823 5726">
     <span class='ocr_line' id='line_1_59' title="bbox 119 5577 1823 5709; baseline 0 -77"><span class='ocrx_word' id='word_1_838' title='bbox 119 5580 228 5709; x_wconf 44' lang='lat' dir='ltr'><strong>lihtjtiiS)</strong></span> <span class='ocrx_word' id='word_1_839' title='bbox 239 5581 276 5662; x_wconf 34' lang='lat' dir='ltr'><strong>&#39;ln</strong></span> <span class='ocrx_word' id='word_1_840' title='bbox 292 5584 390 5706; x_wconf 45' lang='lat' dir='ltr'><strong>agtog.</strong></span> <span class='ocrx_word' id='word_1_841' title='bbox 408 5595 499 5652; x_wconf 86' lang='lat' dir='ltr'><strong>marg.</strong></span> <span class='ocrx_word' id='word_1_842' title='bbox 516 5579 577 5636; x_wconf 71' lang='lat' dir='ltr'><strong>Xlll</strong></span> <span class='ocrx_word' id='word_1_843' title='bbox 592 5604 598 5647; x_wconf 89' lang='lat'><strong>;</strong></span> <span class='ocrx_word' id='word_1_844' title='bbox 614 5595 678 5650; x_wconf 88' lang='lat' dir='ltr'><strong>cap.</strong></span> <span class='ocrx_word' id='word_1_845' title='bbox 696 5586 793 5637; x_wconf 86' lang='lat' dir='ltr'><strong>autem</strong></span> <span class='ocrx_word' id='word_1_846' title='bbox 810 5583 858 5639; x_wconf 84' lang='lat' dir='ltr'><strong>XV</strong></span> <span class='ocrx_word' id='word_1_847' title='bbox 875 5584 939 5641; x_wconf 92' lang='lat' dir='ltr'><strong>nul·</strong></span> <span class='ocrx_word' id='word_1_848' title='bbox 1032 5586 1095 5653; x_wconf 84' lang='grc'>(222</span> <span class='ocrx_word' id='word_1_849' title='bbox 1123 5587 1153 5641; x_wconf 94' lang='lat' dir='ltr'><strong>ln</strong></span> <span class='ocrx_word' id='word_1_850' title='bbox 1170 5589 1269 5658; x_wconf 85' lang='lat' dir='ltr'><strong>eulog.</strong></span> <span class='ocrx_word' id='word_1_851' title='bbox 1287 5584 1437 5656; x_wconf 86' lang='lat' dir='ltr'><strong>signatum</strong></span> <span class='ocrx_word' id='word_1_852' title='bbox 1450 5577 1597 5634; x_wconf 71' lang='lat' dir='ltr'><strong>int‘enilur</strong></span> <span class='ocrx_word' id='word_1_853' title='bbox 1610 5579 1686 5635; x_wconf 86' lang='lat' dir='ltr'><strong>Dorn.</strong></span> <span class='ocrx_word' id='word_1_854' title='bbox 1700 5578 1757 5635; x_wconf 85' lang='lat' dir='ltr'><strong>Vlll</strong></span> <span class='ocrx_word' id='word_1_855' title='bbox 1762 5581 1823 5651; x_wconf 84' lang='lat' dir='ltr'><strong>post</strong></span> 
     </span>
     <span class='ocr_line' id='line_1_60' title="bbox 160 5661 1073 5726; baseline 0.008 -19"><span class='ocrx_word' id='word_1_856' title='bbox 160 5669 168 5707; x_wconf 85' lang='lat' dir='ltr'><strong>t</strong></span> <span class='ocrx_word' id='word_1_857' title='bbox 204 5667 306 5726; x_wconf 85' lang='lat' dir='ltr'><strong>estgna</strong></span> <span class='ocrx_word' id='word_1_858' title='bbox 322 5669 365 5709; x_wconf 93' lang='lat' dir='ltr'><strong>ur.</strong></span> <span class='ocrx_word' id='word_1_859' title='bbox 995 5661 1073 5715; x_wconf 85' lang='lat' dir='ltr'><strong>Pent.</strong></span> 
     </span>
    </p>
   </div>
   <div class='ocr_carea' id='block_1_8' title="bbox 0 0 1958 6096">
    <p class='ocr_par' dir='ltr' id='par_1_12' title="bbox 0 0 1958 6096">
     <span class='ocr_line' id='line_1_61' title="bbox 0 0 1958 6096; baseline 0 2"><span class='ocrx_word' id='word_1_860' title='bbox 0 0 1958 6096; x_wconf 95' lang='lat' dir='ltr'><strong> </strong></span> 
     </span>
    </p>
   </div>
  </div>
 </body>
</html>
