3908 6096
82 274 175 354 ‘sss
631 286 799 349 aaronis
822 288 1112 350 venenennnsrs
1136 238 1315 349 serscoei
1763 287 1822 347 ae

117 427 231 480 constet
245 438 280 478 ex
295 420 502 493 propositione,
515 420 717 491 assumptione
732 424 760 475 et
775 418 938 475 conclusio·
953 420 981 487 A
995 422 1067 476 citer
1080 423 1257 476 remunerat.
1274 421 1342 474 Nem
1354 420 1380 472 si
1389 420 1419 471 iri
1434 418 1485 471 lieo
1495 421 1602 470 lentum
1616 417 1672 470 uita
1683 420 1826 487 sperantes

118 529 164 570 nc.
182 511 330 567 Perfectus
345 508 534 583 syllogismus
557 513 721 564 constater
743 509 944 581 propositione
998 526 1125 578 essemus,
1141 508 1357 563 miserabiliores
1372 507 1498 562 ornniles
1513 521 1632 559 essemus
1660 505 1821 561 horninibus

117 605 145 657 et
168 597 378 665 eonclusioue;
407 602 439 653 ut
464 597 488 653 si
515 598 621 653 dices:
650 600 701 652 Est
729 599 826 653 omnis
851 598 944 652 virtus
999 600 1137 671 quoniam
1166 596 1270 670 pagani
1295 595 1396 651 saltem
1423 595 1469 649 hic
1495 594 1559 648 suis
1583 594 1826 651 delectationibus

119 686 224 759 utilis?
239 688 275 743 El
290 687 476 760 respondeas,
493 685 592 754 utilis;
609 691 639 741 et
653 703 790 742 assumus
807 703 813 740 :
831 687 881 741 Est
896 702 943 740 ca·
999 690 1153 755 fruuntur;
1171 687 1255 742 nohis
1266 702 1332 740 vere
1344 685 1413 756 quid
1426 684 1550 754 jejunia,
1560 684 1631 754 quid
1641 685 1825 756 cratio,quid

119 777 204 835 stitas
228 775 331 832 utilis‘l
347 775 379 831 et
402 774 604 846 respondeas:
628 775 732 842 Utilis;
749 781 778 830 et
801 780 867 847 pest
882 774 944 829 hac
999 778 1112 850 vigilias,
1128 777 1197 849 quid
1223 782 1304 830 easta
1325 776 1383 829 viia
1408 773 1603 844 prodessent?
1618 774 1719 830 Solent
1743 775 1826 832 nohis

122 866 281 926 concludas
297 882 303 920 :
320 869 393 936 Ergo
409 868 437 919 et
461 864 582 919 castitas
594 864 687 919 virtus
715 869 770 920 est,
789 861 943 935 Apostolus

123 970 238 1028 quoque
253 953 416 1027 proposuit,
432 964 458 1008 et
473 952 626 1024 conclusit,
638 953 723 1026 quasi
739 952 879 1008 dixisset:
892 952 944 1006 Re-

123 1044 249 1100 surrexit
262 1039 415 1098 Christus?
433 1040 478 1096 llli
495 1040 520 1096 si
535 1041 676 1109 dicerent,
693 1042 861 1106 resurrexit,
875 1058 942 1096 cen·

122 1132 251 1189 eluderet
265 1130 328 1203 ipsc
344 1146 350 1185 :
367 1130 531 1202 Resurgent
545 1134 573 1185 et
588 1129 693 1186 ceteri.
711 1130 746 1185 Et
768 1131 837 1185 item
855 1148 861 1185 :
880 1130 943 1185 Non

123 1223 278 1294 resurgent
292 1218 364 1274 alii?
379 1218 409 1272 Si
433 1217 654 1290 responderent,
670 1233 740 1286 non,
753 1217 803 1274 ille
828 1217 944 1274 conclu·

121 1312 202 1368 deret
218 1325 225 1364 ι
241 1308 340 1379 Neque
363 1306 498 1364 Christus
522 1306 690 1362 resurrexit.
707 1307 819 1362 Pseudo
838 1307 945 1378 quippe

121 1395 244 1474 apostoli
259 1396 405 1470 negabant
424 1394 573 1451 Christum
598 1396 815 1451 resurrexisse:
835 1396 904 1466 quia
918 1398 946 1450 et

123 1487 269 1561 negabant
293 1500 359 1540 eum
390 1487 516 1539 netum:
546 1484 607 1555 qui,
635 1501 671 1540 ne
700 1485 735 1540 ab
766 1484 946 1540 eniatorihus

122 1577 259 1632 humane
281 1572 428 1646 sapientia
453 1572 681 1644 despicerentur,
698 1573 747 1645 qui
763 1572 887 1628 stultum
905 1573 947 1642 ju-

123 1664 259 1722 dicabant
277 1664 366 1719 Deum
381 1661 528 1718 hominem
546 1663 665 1734 factum,
680 1666 708 1718 et
722 1679 853 1734 passum,
870 1661 946 1717 deci-

124 1753 243 1827 piebant
257 1750 418 1823 simplices,
435 1755 464 1806 et
478 1767 537 1806 suae
563 1751 655 1823 partis
675 1750 829 1805 faciehant.
846 1750 886 1805 De
901 1754 946 1805 te-

124 1842 204 1900 libns
217 1840 288 1897 dicit
301 1839 429 1896 loannes
446 1855 452 1893 :
470 1839 522 1907 Qui
536 1854 590 1894 oon
601 1840 744 1909 confitetor
757 1838 946 1905 Glrvrislemin

123 1946 207 1988 corne
230 1930 343 1996 reabse,
360 1927 405 1983 bie
418 1932 456 1984 est
480 1927 658 1984 antichristos
674 1929 696 1999 (l
710 1930 787 1984 loen.
804 1945 840 1997 iv,
857 1927 895 1997 3),
912 1927 946 1980 et

122 2013 194 2077 item
210 2038 217 2076 :
235 2020 287 2088 Qui
301 2021 381 2089 nepot
398 2017 512 2084 Filiam,
527 2033 577 2073 aec
596 2019 711 2074 Patrem
735 2017 816 2072 trebel
831 2016 853 2086 (l
866 2017 944 2071 loeo.

124 2127 155 2178 11,
169 2109 226 2180 23).
243 2107 276 2163 lii
292 2107 411 2172 etenim,
428 2104 619 2178 liceteliques
635 2106 831 2179 decepissent,
848 2110 945 2160 elsua

122 2197 216 2270 pertis
239 2210 290 2252 ecs
313 2193 460 2262 fecissent,
484 2199 567 2248 erant
591 2199 689 2249 tamen
713 2193 846 2249 nonnulli
872 2193 947 2248 inter

123 2300 183 2352 eos,
200 2283 250 2355 qui
265 2282 414 2340 Christum
430 2284 624 2351 resurrexisse
639 2281 808 2351 credebant,
822 2282 857 2336 de
871 2281 945 2337 alios

123 2390 189 2431 rum
204 2370 415 2431 resurrectione
439 2369 623 2425 dubitabant.
639 2370 680 2426 De
694 2369 753 2425 illis
769 2370 839 2425 dicit
856 2386 861 2424 :
880 2370 947 2437 Quo

122 2462 200 2520 mmo
214 2461 339 2535 quidem.
355 2459 418 2516 Non
435 2475 548 2526 omnes,
564 2460 614 2514 sed
638 2458 723 2515 multi
749 2464 848 2514 tamen
865 2461 947 2513 erant

123 2553 179 2612 hee
192 2567 289 2609 errore
303 2550 426 2622 decepti.

160 2659 311 2731 Sequitur:
321 2657 450 2713 Sioolem
461 2655 582 2711 Christus
594 2671 649 2711 aon
659 2656 813 2710 resurrexit
826 2654 946 2724 (subau-

126 2747 215 2820 ditur,
232 2761 326 2819 neque
340 2744 447 2812 ceteri)
466 2760 472 2798 :
489 2748 527 2810 et,
545 2744 568 2798 si
594 2744 635 2798 ita
650 2747 704 2810 est,
720 2744 814 2798 ieonis
830 2747 868 2797 esl
883 2757 947 2813 erqo

121 2837 290 2910 predicatio
312 2839 417 2902 nostro,
431 2838 486 2888 etc.
503 2849 510 2887 :
528 2833 597 2889 facit
611 2832 689 2888 enim
713 2832 854 2889 adversus
870 2831 946 2887 illos.

124 2927 198 2983 Nem
213 2924 281 3010 quis
295 2923 419 2979 libenter
431 2920 533 2978 hudiat
548 2921 602 2977 hee
618 2938 649 2977 se
665 2937 781 2993 negare,
797 2925 827 2976 et
843 2918 947 2976 inutile

120 3014 264 3088 judicare,
276 3013 354 3084 quod
370 3011 634 3084 priusoredideret,
647 3016 675 3066 et
686 3011 794 3066 henum
807 3010 948 3081 approbe-

124 3103 228 3162 veret‘l
241 3101 349 3159 litidee
360 3100 431 3156 dicit
444 3116 450 3155 :
465 3100 560 3155 liranis
572 3103 613 3154 erl
632 3099 697 3169 lister
717 3102 815 3165 vestre,
833 3103 865 3153 ut
878 3114 944 3154 cum

124 3193 180 3251 hee
195 3188 633 3260 audirent,eenfunderentur,et
644 3189 679 3243 ad
691 3188 845 3259 pristinem
858 3189 945 3243 fidem

125 3285 348 3341 reuerterentur.
364 3279 406 3334 Ad
423 3278 477 3334 hoc
488 3277 576 3333 etiam
590 3277 717 3348 respicit,
730 3278 807 3349 quod
824 3278 947 3334 inferius

57 3404 58 3407 =
126 3372 167 3428 eit
182 3387 189 3426 ε
207 3369 306 3426 Adhuc
319 3369 381 3423 estis
398 3369 427 3422 in
440 3368 672 3437 pematisoestris.
683 3367 753 3431 Quis
768 3367 847 3422 enim
860 3367 950 3422 liben-

127 3464 172 3515 ter
186 3456 286 3514 audiat
301 3472 333 3512 se
352 3471 416 3511 esse
440 3454 469 3509 in
486 3455 622 3527 peccatis,
639 3471 764 3525 quorum
789 3472 819 3510 se
834 3457 948 3511 veniam
1023 3502 1029 3512 .

129 3545 253 3604 eredidit
268 3541 481 3600 consecutum?
496 3543 528 3596 ut
543 3541 650 3597 ideirco
665 3542 739 3597 dixit
755 3560 761 3598 :
778 3543 949 3600 debueratis

38 3684 58 3701 .
132 3637 302 3708 inpeccatis,
319 3636 351 3688 ut
368 3631 482 3687 illinon
507 3648 588 3702 aeque
604 3632 721 3703 ferrent,
735 3637 764 3688 et
785 3633 898 3688 confusi
914 3632 950 3688 ad

130 3731 287 3803 mmm
302 3723 389 3779 fidem
414 3725 636 3776 reveroewntur'
652 3721 833 3793 Quapmpoer
856 3722 950 3822 dlffltf
1006 3768 1053 3823 nis
1069 3784 1126 3822 non
1142 3766 1196 3821 erit
1216 3767 1460 3838 consumptionis,
1479 3768 1529 3822 sed
1554 3769 1825 3826 consummationis.

999 868 1102 940 pegeni
1118 868 1213 922 dicere
1230 883 1236 919 :
1253 865 1321 931 Vos,
1340 865 1389 935 qui
1406 864 1435 917 in
1451 863 1599 918 Christum
1612 864 1745 929 creditis
1756 865 1824 936 quid

1000 957 1094 1029 magis
1110 955 1224 1011 habetis
1237 955 1250 1008 ‘l
1265 955 1358 1024 liuius
1373 952 1436 1008 vitre
1453 952 1602 1008 bonisnen
1620 955 1717 1026 magis
1733 956 1825 1010 abuu-

999 1045 1159 1102 datissSed
1184 1044 1288 1115 magis,
1315 1043 1447 1113 inquam,
1463 1041 1624 1105 hebemus:
1643 1044 1713 1114 quia
1737 1044 1824 1100 vitem

1000 1135 1147 1191 eredimus
1171 1133 1312 1198 futuram,
1338 1147 1403 1202 quse
1424 1131 1695 1202 incomparabiliter
1723 1132 1826 1189 melier

1000 1229 1053 1293 est,
1071 1238 1160 1294 quam
1175 1221 1242 1277 ista.

1037 1339 1192 1409 Postquam
1209 1353 1310 1391 eorum
1335 1334 1547 1390 cenfessionem
1564 1336 1759 1407 exprobravit,
1777 1353 1825 1410 ag·

1001 1442 1120 1498 gressus
1133 1430 1177 1481 est
1193 1425 1380 1481 manifestare
1396 1423 1651 1479 resurrectionem.
1669 1424 1824 1482 Attenini:

1001 1521 1080 1573 Nisae
1094 1519 1184 1570 eutem
1199 1515 1320 1570 Christro
1343 1514 1507 1579 resurrexit,
1529 1513 1666 1583 primitia2
1688 1513 1826 1570 dormien-

1000 1607 1071 1659 liem
1083 1622 1093 1663 ,·
1108 1604 1177 1675 quia
1193 1604 1308 1674 primus
1326 1603 1387 1673 ipse
1402 1603 1437 1657 ed
1453 1600 1707 1658 immortalitatem
1721 1603 1827 1659 transi·

1001 1694 1063 1760 vil3
1080 1694 1148 1764 quia
1162 1693 1217 1748 etsi
1238 1693 1287 1747 alii
1303 1697 1370 1746 ante
1385 1708 1452 1746 eum
1465 1697 1699 1756 resurrexerunt,
1717 1694 1754 1748 ad
1765 1711 1825 1754 cor·

961 1784 1166 1860 Bruptionem
1194 1782 1353 1837 redierunt.
1368 1780 1452 1848 Nota,
1470 1780 1539 1852 quie
1559 1798 1612 1851 per
1634 1780 1784 1853 bominem,
1799 1787 1826 1839 et

1001 1875 1123 1927 mortem
1139 1872 1210 1926 dicit
1223 1876 1251 1925 et
1267 1870 1520 1938 resurrectionem,
1532 1871 1581 1926 sed
1598 1875 1767 1927 nontamen
1779 1889 1826 1944 per

1000 1977 1067 2016 curn
1085 1960 1270 2024 resurreetio,
1288 1976 1339 2029 per
1354 1974 1441 2029 quem
1467 1974 1546 2014 mere
1564 1959 1653 2015 :facil
1668 1961 1748 2015 enim
1770 1961 1824 2033 pri-

1001 2051 1052 2117 mi,
1069 2054 1097 2105 et
1112 2049 1233 2104 secundi
1250 2049 1317 2102 Ades
1330 2049 1520 2103 mentionem.
1538 2049 1651 2104 Primus
1663 2051 1757 2105 Adam
1774 2067 1823 2107 suo

1001 2143 1118 2210 peccato
1133 2137 1244 2193 invenit
1272 2141 1392 2192 mertem
1409 2155 1415 2203 ;
1444 2138 1591 2194 secundus
1606 2139 1711 2207 Adam,
1729 2139 1823 2207 idest,

1000 2228 1143 2291 Christus,
1161 2226 1337 2298 suajustitia
1350 2227 1602 2283 resurrectionem.
1617 2229 1670 2293 Oui
1686 2234 1786 2284 essent
1797 2229 1824 2284 hi

1001 2317 1069 2386 due,
1086 2316 1222 2380 ostendit,
1233 2333 1300 2370 cnm
1317 2315 1486 2386 subjunxit:
1501 2317 1576 2371 Sient
1590 2319 1619 2371 in
1635 2317 1825 2375 Ademomnes

1000 2408 1169 2460 morr'enler.
1192 2407 1255 2475 lpse
1280 2404 1350 2476 quie
1374 2406 1521 2475 peccando
1538 2411 1660 2462 mortem
1687 2407 1822 2479 incurrit,

1001 2511 1113 2562 omnes,
1130 2493 1179 2565 qui
1195 2509 1271 2549 exeo
1287 2494 1480 2560 descendunt,
1494 2500 1618 2550 mertem
1631 2496 1827 2554 incurruntet

1001 2585 1116 2650 animis,
1144 2589 1172 2639 et
1201 2584 1340 2655 corporis.
1371 2583 1452 2647 Quod
1475 2600 1541 2639 nero
1565 2584 1659 2639 dicit:
1684 2587 1725 2641 lte
1747 2590 1773 2641 el
1799 2589 1827 2642 ia

1003 2672 1106 2728 Christo
1121 2688 1213 2728 emeres
1234 2671 1460 2743 eo'eifieolanlar,
1476 2690 1511 2727 ne
1535 2659 1714 2729 contrarium
1730 2673 1826 2731 videa·

1001 2765 1059 2830 tur,
1086 2762 1156 2832 quia
1179 2776 1237 2815 nen
1262 2777 1364 2816 omnes
1386 2760 1579 2827 vivificantur,
1597 2763 1641 2817 sic
1663 2762 1826 2837 intelligen-

1001 2849 1072 2904 dum
1087 2853 1132 2904 est
1148 2865 1154 2903 :
1172 2847 1241 2920 quia
1256 2864 1369 2918 ornnes,
1386 2848 1435 2920 qui
1450 2849 1645 2918 vivificentur,
1662 2851 1691 2907 iu
1712 2850 1823 2909 Christo

1000 2938 1193 2994 vivificantur.

1036 3055 1189 3110 Manifesta
1204 3055 1427 3122 resurrectione,
1445 3055 1513 3127 quio
1528 3057 1663 3126 ejusdem
1679 3057 1823 3114 voluiter·

961 3158 982 3225 G
1001 3144 1098 3200 dinem
1115 3145 1325 3214 demonstrare,
1340 3143 1511 3215 subjunxit:
1529 3146 1719 3218 ernnsqaeqae
1735 3149 1764 3201 io
1778 3163 1822 3202 seo

1002 3234 1097 3291 ordine
1111 3252 1122 3287 .·
1135 3232 1184 3305 qui
1200 3233 1269 3288 ordo
1285 3250 1341 3288 nen
1358 3231 1454 3298 malis,
1466 3235 1515 3289 sed
1531 3234 1651 3290 dabitur
1665 3235 1697 3290 in
1713 3235 1822 3292 Christe

1002 3323 1164 3378 vivificetis.
1185 3324 1322 3376 Primitiae
1339 3323 1471 3393 Christos,
1489 3328 1520 3377 ut
1544 3340 1644 3392 sopra.
1661 3325 1821 3396 Sequitur:

1004 3411 1105 3467 Deinde
1124 3413 1173 3482 qai
1186 3415 1249 3465 sunt
1275 3411 1377 3465 Christi
1393 3431 1401 3464 :
1418 3413 1466 3482 qui
1492 3419 1571 3482 sunt,
1588 3415 1637 3484 qai
1661 3416 1692 3468 ia
1706 3414 1823 3470 edendo

1005 3517 1061 3565 erres
1075 3500 1246 3555 erediderunt
1261 3501 1457 3570 (subanditur,
1467 3503 1724 3574 resurgent).Cum
1740 3504 1822 3560 dicit:

1006 3588 1107 3643 Deinde
1121 3589 1194 3658 finis,
1212 3590 1340 3644 ostendit
1354 3589 1462 3660 quiaet
1477 3591 1661 3661 resurrectio,
1678 3597 1769 3665 atque
1780 3593 1824 3663 ju·

1006 3677 1114 3733 dicium
1132 3678 1287 3743 malorum,
1304 3678 1339 3732 ad
1356 3676 1442 3733 istem
1459 3677 1548 3733 vitem
1569 3680 1769 3752 pertinebunt.
1786 3680 1826 3737 fi·

131 3816 293 3876 lnoene'mer
305 3818 332 3870 et
344 3812 412 3885 [elsi
424 3814 502 3867 testes
517 3811 576 3881 flet,
590 3814 644 3865 ete.
657 3810 719 3867 Non
735 3811 814 3879 dicit,
827 3811 949 3880 inimici,
1047 3843 1055 3860 .

131 3899 951 3982 quiainimieusdieiturquicontrariasentit,velminus
1042 3901 1180 3971 Sequitur
1210 3918 1217 3955 :
1249 3900 1316 3954 Crem
1349 3900 1501 3955 tradiderit
1524 3917 1641 3970 repetem
1668 3905 1724 3960 Deo
1752 3904 1827 3978 (quie

73 3995 77 4001 ’
130 3998 210 4056 dieii.
229 3994 280 4052 Isti
294 3991 359 4050 fulsi
381 4007 444 4047 esse
470 3993 614 4062 peterent,
630 3989 699 4061 quia
714 4006 821 4061 magna
844 3990 879 4045 de
895 3994 951 4046 Deo
1006 3990 1114 4061 homo),
1130 3999 1157 4045 et
1180 3990 1258 4043 Petri
1273 3989 1354 4060 (quia
1377 3988 1488 4057 Filius).
1514 3990 1570 4045 Sed
1595 3991 1650 4047 iste
1676 4007 1784 4064 sermo,
1797 3992 1825 4048 id

129 4088 272 4153 dixerant,
288 4083 312 4139 si
328 4082 382 4138 hee
396 4096 496 4136 verum
512 4080 687 4150 esset,quod
704 4078 745 4133 illi
760 4079 951 4146 dicebantur
1005 4084 1058 4149 est,
1075 4080 1234 4143 tradiderit,
1252 4077 1360 4133 multos
1385 4078 1591 4134 scandalizavit
1607 4080 1710 4139 minus
1724 4081 1824 4138 intelli·

128 4177 154 4233 si
168 4175 235 4232 aliis
249 4171 346 4228 verbis
357 4169 436 4225 dieat
451 4186 458 4226 :
475 4169 533 4224 Nos
549 4167 667 4239 quidem
680 4168 755 4234 falsi,
768 4168 837 4240 quia
849 4169 950 4240 etipse
1005 4173 1115 4241 gentes,
1132 4167 1183 4239 qui
1199 4167 1334 4222 dixerunt
1348 4168 1428 4238 quie,
1445 4184 1512 4223 cum
1534 4170 1701 4239 tradiderit,
1717 4172 1825 4228 desinet

129 4262 242 4322 imaum
259 4260 328 4332 quia
352 4258 438 4315 tertia
453 4256 590 4329 promisit
605 4256 906 4323 dieresurrecturum‚
922 4262 951 4314 et
1004 4273 1137 4330 regnare.
1154 4256 1235 4322 Quod
1252 4254 1276 4311 si
1301 4256 1342 4310 ita
1364 4260 1420 4321 est,
1437 4272 1505 4327 erge
1529 4262 1556 4312 et
1572 4257 1659 4313 Peter
1681 4259 1770 4316 desiit
1783 4274 1824 4316 re·

127 4352 210 4409 vohis
224 4368 276 4425 per
289 4364 397 4421 aquam
413 4345 598 4417 baptismatis
613 4345 725 4401 veniam
742 4347 880 4402 daturum
898 4363 904 4400 τ
924 4347 948 4403 si
1003 4363 1102 4418 gnere,
1119 4345 1188 4418 quia
1202 4345 1301 4399 omnia
1318 4344 1388 4400 Filio
1410 4345 1542 4410 tradidit,
1559 4346 1637 4401 sieut
1651 4347 1717 4420 ipse
1731 4348 1823 4404 dicit:

125 4442 168 4498 ita
182 4446 236 4509 est,
253 4445 287 4496 ut
300 4437 408 4501 dicitis,
425 4434 494 4507 quia
508 4434 603 4490 adhue
615 4435 685 4490 estis
700 4437 731 4490 in
747 4436 882 4508 peccatis.
901 4437 948 4491 Se·
1004 4436 1102 4491 limais
1127 4436 1198 4489 eniti
1220 4435 1329 4489 tradite
1351 4442 1416 4488 sont
1439 4451 1456 4488 o
1479 4439 1562 4489 Patre
1586 4450 1644 4491 meo
1668 4437 1773 4507 (eoae.
1788 4453 1823 4506 xr,

126 4532 240 4604 quitur:
254 4531 331 4598 Erpa
345 4535 370 4583 et
381 4527 431 4596 qui
443 4524 614 4579 dormierunt
627 4525 658 4578 ire
674 4524 946 4595 Christoperiereal.
963 4533 986 4599 D
1001 4525 1058 4594 27).
1074 4525 1128 4578 Sed
1145 4523 1211 4593 quis
1228 4540 1284 4577 non
1310 4528 1449 4592 agnoscat
1463 4539 1552 4594 quem
1578 4523 1704 4582 stultum
1721 4526 1761 4582 sit
1775 4525 1824 4582 hee

125 4620 192 4676 Ideo
209 4620 263 4675 hoe
278 4618 358 4683 dicit,
377 4620 409 4671 ut
422 4614 499 4669 sicut
513 4629 570 4668 non
594 4630 674 4685 arque
691 4616 764 4668 ferre
777 4619 945 4685 potuerunt,
1001 4612 1095 4667 dicere
1110 4613 1123 4666 ‘l
1139 4613 1211 4682 Ergo
1234 4611 1354 4666 tradidit
1382 4616 1476 4676 Pater,
1494 4619 1523 4667 et
1547 4630 1605 4669 non
1631 4615 1744 4682 emisit,
1762 4614 1824 4687 quia

125 4709 329 4764 audieruntse
344 4706 398 4761 hoe
418 4720 534 4775 negare,
550 4704 626 4774 quod
645 4704 726 4774 prius
742 4704 943 4773 credidersnl;
999 4719 1066 4757 corn
1084 4701 1156 4756 Filio
1183 4700 1330 4770 possidet;
1347 4703 1440 4754 tradet
1458 4701 1557 4773 Filius,
1580 4708 1609 4757 et
1625 4719 1686 4759 non
1702 4705 1822 4761 amittet

124 4800 153 4852 et
168 4797 264 4853 adhue
279 4794 387 4851 esseio
409 4790 546 4863 peccatis,
562 4807 687 4863 querum
704 4791 817 4846 veniam
834 4809 865 4846 se
877 4793 944 4847 ecn-

123 4891 239 4943 seeutos
254 4883 428 4956 sperabant3
444 4880 486 4936 sic
502 4897 559 4935 nen
575 4896 655 4952 sque
674 4882 790 4948 ferrent,
807 4883 878 4936 dum
891 4898 944 4937 eu·

122 4976 230 5032 dierint
246 4974 416 5028 frustratam
432 4986 515 5041 spem
539 4985 660 5024 suerum
680 4969 845 5026 charorum.
863 4971 944 5035 Quod

121 5064 202 5131 dicit,
218 5062 400 5130 dormierunt,
416 5059 530 5115 duobus
555 5059 651 5114 modis
668 5076 674 5112 :
691 5058 736 5114 vel
752 5059 801 5130 qui
818 5061 873 5115 sub
890 5060 944 5115 hae

121 5169 173 5225 epe
183 5152 220 5210 ab
236 5151 359 5208 hacvita
371 5148 561 5217 transierunt,
568 5145 612 5202 vel
625 5147 676 5219 qui
688 5164 810 5219 corpora
824 5164 879 5203 sue
888 5150 944 5203 sub

120 5240 175 5297 hae
192 5259 244 5312 spe
258 5238 398 5311 martyrio
412 5236 605 5293 tradiderunt.

155 5349 317 5419 Sequitur:
335 5347 364 5402 Si
378 5349 409 5401 io
434 5345 485 5401 bec
498 5345 555 5399 vilo
575 5351 681 5398 lentem
705 5345 736 5397 in
761 5344 868 5400 Christo
882 5359 943 5412 spe·

119 5440 214 5490 remes
227 5453 355 5506 essemus,
371 5440 425 5491 etc.
442 5435 478 5489 Et
504 5437 548 5489 eet
562 5448 666 5487 sensus
681 5447 687 5485 :
703 5431 765 5487 Non
781 5437 896 5489 tantum
913 5436 942 5489 in

1001 4791 1073 4856 Quid
1090 4790 1236 4861 igiturest
1261 4790 1398 4845 tradere?
1421 4791 1616 4859 Manifestare,
1634 4792 1759 4865 inquam
1774 4811 1780 4861 ;
1794 4794 1824 4849 ut

1000 4880 1049 4951 qui
1066 4879 1148 4950 prius
1167 4878 1196 4932 in
1214 4879 1277 4933 suis
1303 4879 1443 4950 regnabat
1468 4896 1519 4951 per
1543 4881 1641 4947 fidem,
1658 4888 1764 4954 regnet
1777 4896 1824 4955 per

999 4973 1130 5040 apertam
1157 4967 1434 5036 manifestationem,
1450 4975 1479 5024 et
1495 4970 1544 5041 qni
1561 4971 1642 5041 prius
1663 4987 1731 5027 eum
1748 4971 1822 5027 vide·

1000 5059 1071 5113 bant
1085 5075 1136 5129 per
1151 5056 1304 5129 speculum
1320 5061 1348 5112 et
1372 5059 1538 5130 enigmata,
1555 5063 1625 5116 tune
1642 5060 1716 5116 facie
1733 5062 1770 5117 ad
1785 5059 1822 5117 ft·

998 5165 1082 5203 crem.

1034 5261 1195 5333 Sequitur:
1213 5262 1281 5316 Cum
1304 5267 1476 5319 eiroeoererll
1491 5281 1601 5322 omnem
1621 5268 1822 5339 principalem,

998 5356 1052 5407 ete.
1080 5349 1236 5425 Evaeuehit
1263 5350 1470 5422 principatum,
1496 5359 1551 5408 etc.
1573 5372 1579 5422 ;
1603 5354 1674 5424 quie
1698 5352 1823 5411 ostendit

999 5456 1089 5495 unum
1106 5455 1170 5494 csse
1185 5439 1393 5511 principem,et
1409 5458 1525 5514 regem,
1541 5445 1570 5496 ct
1584 5458 1704 5498 omnem
1720 5443 1822 5517 prinei·

119 5521 238 5593 haered
251 5523 502 5596 petiussumusin
514 5522 788 5592 futurasperautes:
802 5524 941 5596 qnoniam
996 5533 1109 5602 patum,
1127 5530 1193 5598 ete,
1210 5526 1271 5583 sive
1297 5528 1326 5582 in
1351 5528 1441 5597 coelis,
1458 5530 1517 5585 sive
1540 5527 1570 5583 in
1593 5530 1696 5599 terris,
1723 5534 1761 5590 ab
1774 5530 1821 5588 ille

118 5612 253 5695 Chastm
267 5613 401 5672 etiahse
415 5613 475 5673 vite
488 5608 709 5685 suessanae
719 5611 942 5687 posthaucfeli·
997 5631 1077 5689 eses;
1093 5618 1122 5674 et
1136 5630 1194 5672 nen
1221 5614 1291 5689 illis,
1307 5617 1358 5676 sed
1383 5618 1413 5678 ia
1434 5617 1495 5677 solo
1516 5616 1573 5675 iste
1590 5631 1658 5676 esse
1676 5620 1820 5704 oouhdeaf
