3908 6096
145 282 200 343 tii
651 270 822 332 ATTONlS
845 268 1147 332 vnucuttnasis
1164 267 1340 332 episcopi
1790 256 1853 326 il!
1944 287 1950 308 ·

145 415 219 469 enim
232 411 323 483 majus
333 416 391 478 cst,
408 408 523 474 donum,
552 424 590 461 cn
614 405 701 460 attare
722 403 792 474 qnod
815 402 972 474 sanctificat
983 402 1011 468 Α
1026 399 1177 457 consulere
1192 399 1311 473 dignata
1339 401 1393 470 est,
1421 397 1486 454 ideo
1515 397 1655 453 hactonus
1671 396 1852 468 respondero

145 499 272 558 donuml
287 498 340 568 Qui
353 513 417 568 eruo
431 498 507 566 iuret
521 495 552 550 in
566 494 658 563 atne,
668 493 748 564 juret
773 493 804 546 in
831 507 872 558 eo,
899 499 925 546 et
940 493 968 564 in
1023 489 1173 555 distuli‚ut
1183 489 1298 546 diutina
1308 485 1686 545 meditatiolirmioradaret
1696 494 1851 558 response

145 589 271 649 munibus
283 602 347 660 quae
359 603 441 659 super
454 583 530 641 illud
553 585 624 639 sunt.
654 582 687 636 Et
712 582 761 653 qui
782 580 921 652 juraverit
939 581 970 634 in
1023 579 1067 646 iit,
1080 578 1212 652 quamvis
1227 577 1361 650 dignitati
1382 580 1483 633 vestre
1498 575 1667 632 omnimodo
1682 573 1854 646 pateat,cla-

145 678 255 750 tempto,
270 678 345 741 iuret
359 678 391 732 in
406 675 466 742 illc,
489 677 515 730 et
543 673 574 728 in
596 687 626 727 eo
652 671 702 742 qui
728 670 835 725 nutitut
858 671 889 725 in
912 669 970 740 ipso
1023 667 1175 724 rissimum
1191 667 1365 739 rescriptum
1381 666 1417 722 eb
1432 664 1592 737 apostolica
1614 664 1682 721 sede
1696 663 1852 721 Theodoro

147 767 252 838 (lintris.
269 783 313 838 111,
328 767 382 834 17).
398 763 521 818 Videtur
546 775 614 832 ergo
643 758 739 826 nobis,
769 757 848 829 quod
866 757 979 828 hujus·
1023 755 1365 830 Ticinensiepisccpoin
1382 754 1511 811 medium
1527 752 1650 826 proferri
1662 751 1783 825 placuit.
1795 754 1849 809 Za-

148 854 228 912 modi
244 854 369 925 adoptio,
386 869 410 907 si
425 849 550 923 pertinet
563 848 600 903 ed
617 851 762 919 parentes,
780 845 874 917 magis
885 845 972 917 perti·
1024 845 1303 918 cheriesepisccpus
1315 861 1417 900 servus
1427 859 1579 899 servorum
1595 842 1656 910 Dei,
1673 842 1852 899 reverendis·

89 957 92 962 ’
147 941 397 1011 noetetadtilios,
413 935 698 1003 etsineoedfilics,
724 935 852 1007 prolecto
868 933 971 989 ueced
1025 935 1143 990 simoet
1159 934 1345 990 sanctissimo
1362 931 1444 989 fratri
1472 931 1625 987 Theodoro
1650 931 1787 1003 episcopo
1803 946 1851 988 ec-

147 1035 282 1105 psrentes
293 1029 437 1102 pertinere
446 1027 571 1083 videtur.
586 1024 758 1096 disciteque
775 1023 970 1089 intendentes,
1025 1022 1119 1079 alesia
1133 1022 1306 1079 Ticinensis.
1320 1021 1486 1090 pittacium,
1504 1020 1582 1092 quod
1597 1019 1683 1076 uobis
1698 1025 1750 1076 tua
1762 1035 1854 1077 venc-

148 1119 322 1192 predictum
337 1115 550 1173 Theodericum
566 1113 725 1170 atelitorc
750 1112 971 1184 suspendimus,
1026 1112 1118 1167 rande
1133 1111 1299 1167 fraternitas
1312 1109 1429 1177 obtulit,
1446 1126 1497 1182 per
1524 1108 1603 1180 quod
1633 1124 1688 1164 nos
1707 1107 1852 1166 sciscitari

148 1211 320 1264 nontamen
336 1204 505 1276 conjugium
535 1202 653 1274 penitus
678 1200 895 1268 interdiximus,
919 1214 972 1254 nec
1026 1199 1145 1268 curasti,
1155 1200 1179 1256 si
1195 1198 1561 1271 licetlllium,cujuspater
1575 1196 1695 1254 alterius
1709 1197 1801 1254 liliam
1817 1206 1854 1254 ex

148 1294 232 1352 aliter
246 1291 576 1362 excommunicavimus,
592 1291 683 1347 donec
699 1290 729 1345 in
748 1289 860 1346 domini
877 1287 971 1344 erchi-
1026 1305 1108 1345 sacro
1118 1289 1294 1361 baptismate
1305 1292 1484 1360 susceptam,
1493 1288 1522 1343 id
1535 1295 1589 1357 est,
1600 1278 1781 1360 spiritualem
1794 1286 1853 1359 (58)

146 1381 277 1456 episcopi
287 1385 316 1438 ot
325 1383 696 1452 vestram,ceterorumque
707 1382 876 1435 nostrorum
887 1390 972 1432 vene·
1026 1378 1158 1449 ejusdem
1173 1378 1265 1450 petris
1276 1376 1380 1444 liliam,
1392 1377 1469 1449 quod
1481 1377 1539 1433 dici
1549 1375 1666 1434 crudele
1679 1381 1734 1447 est,
1745 1375 1776 1432 in
1788 1390 1853 1433 ms·

148 1471 286 1528 rabilium
313 1469 494 1526 contratrum
525 1467 705 1525 audientiam
731 1466 892 1522 veniamus.
909 1466 973 1521 Non
1026 1464 1853 1540 trimonioeccipere,quodapudteenormiteresseruistl

148 1554 973 1632 quodderectitudinisdubitemusmodo,sedutmajori
1028 1555 1085 1626 (59)
1100 1553 1268 1627 contigisse.
1296 1554 1352 1611 Sed
1380 1554 1453 1611 bene
1480 1558 1532 1611 tua
1557 1558 1659 1612 senata
1682 1552 1853 1611 fraternitas

148 1647 321 1705 auctoritate
330 1646 465 1703 firmetur
479 1645 602 1703 assertio
617 1644 822 1718 plurimorum.
851 1645 932 1715 Sapo
946 1646 975 1698 et
1027 1647 1210 1715 compertum
1226 1643 1324 1713 hebet,
1341 1643 1419 1715 quod
1429 1642 1572 1700 Dominus
1586 1642 1764 1716 perllcysen
1779 1659 1853 1716 pre·

149 1733 973 1809 euimdelinquentibus,dumvulnusteciuorieprcmitur,
1028 1733 1114 1804 cepit,
1130 1735 1143 1759 *
1157 1732 1277 1789 dicens:
1294 1732 1497 1804 turpitudinem
1524 1735 1612 1804 patris
1640 1734 1683 1789 tui
1707 1743 1762 1789 non
1776 1746 1853 1789 reve·

149 1827 273 1898 reproba
286 1826 402 1881 videtur
417 1824 564 1881 sententie
578 1823 772 1892 medicantis;
788 1827 817 1879 et
827 1822 898 1877 dum
907 1838 972 1894 per·
1030 1821 1111 1877 inne.
1127 1822 1306 1894 turpidinem
1321 1824 1419 1879 metris
1440 1827 1495 1878 tuse
1517 1838 1574 1878 non
1597 1822 1739 1879 reuetobis.
1756 1820 1853 1894 Turpi-

147 1915 223 1971 vorsi
238 1914 371 1970 criminis
384 1930 498 1969 nevum
514 1913 624 1968 diluere
640 1912 754 1980 nolunt,
782 1912 818 1967 ed
834 1910 973 1967 diluentis
1030 1911 1152 1966 tudinem
1166 1912 1269 1967 sororis
1279 1914 1343 1973 tuse,
1360 1919 1385 1968 et
1399 1912 1603 1982 turpitudinem
1617 1913 1683 1982 filiai
1709 1913 1798 1983 patris
1811 1913 1857 1968 tui

146 2003 272 2073 injurias
287 2006 417 2057 currunt.
431 2002 560 2064 Quorum
576 2001 770 2057 detractiones
786 2016 803 2054 a
825 2000 910 2056 nobis
925 2016 973 2054 ex·
1027 2016 1082 2056 non
1092 1999 1237 2056 reveletis.
1249 2000 1400 2072 Tumdudc
1410 2003 1483 2056 enim
1493 2003 1542 2057 tun
1553 2006 1593 2056 est
1605 2002 1701 2071 (terit.
1716 2017 1797 2069 xviii,
1812 2001 1852 2073 7).

147 2095 329 2162 torquemus,
344 2107 411 2145 cum
426 2088 623 2161 plurimorum
653 2088 828 2145 sententiam
856 2089 973 2145 interim
1028 2089 1252 2160 'turpitudinem
1268 2088 1346 2144 cuim
1357 2089 1484 2145 revelare
1495 2089 1613 2156 dicitur,
1625 2091 1695 2145 dum
1708 2090 1853 2163 aproprie

148 2178 455 2252 exspectamus,sicut
479 2178 582 2234 beatus
611 2177 721 2234 Paulus
750 2179 791 2234 eit
821 2178 856 2233 ad
874 2178 974 2233 Timo·
1029 2177 1748 2251 consanguinitateprecipimurebstinere:multo
1760 2178 1855 2251 magis

148 2267 270 2325 theum:
287 2267 561 2339 irreprehensibilem
583 2270 610 2322 te
634 2267 744 2335 sedite,
773 2276 803 2322 nt
831 2269 855 2322 is
878 2269 926 2338 qui
941 2283 976 2323 ex
1029 2266 1185 2339 aspiritali
1201 2266 1294 2339 patris
1307 2267 1399 2323 nostri
1416 2266 1485 2335 filia,
1498 2268 1577 2323 omni
1588 2266 1857 2324 occasioneauter·

148 2358 263 2414 aduerso
277 2364 327 2428 est,
344 2364 482 2425 vereatur,
498 2355 571 2413 uitii
588 2355 690 2412 tuteris
703 2356 809 2411 mutum
836 2356 930 2412 dicere
943 2356 976 2412 de
1030 2360 1169 2428 gumento
1183 2355 1312 2426 seposito
1328 2356 1395 2427 (60),
1412 2356 1468 2411 sub
1484 2356 1577 2411 nimia
1591 2355 1773 2413 districtione
1800 2370 1855 2414 nos

148 2444 229 2501 notis
243 2445 305 2518 (Tit.
322 2461 353 2514 ιι,
369 2446 407 2517 8).
424 2444 500 2500 Dum
515 2444 606 2513 enim,
621 2443 748 2512 domine,
764 2459 831 2499 cum
847 2444 903 2500 isto
919 2443 975 2516 egi·
1030 2458 1131 2499 cavere
1144 2443 1286 2511 convenit,
1298 2459 1334 2498 ne
1344 2443 1375 2498 in
1386 2443 1460 2500 iram
1470 2442 1562 2500 divini
1574 2443 1716 2500 examinis
1730 2444 1855 2512 incidet,

151 2538 211 2606 tur,
228 2550 286 2591 non
302 2533 398 2591 solum
414 2549 481 2590 cum
496 2532 571 2606 ipso,
586 2534 636 2589 sed
652 2550 704 2605 pro
719 2532 856 2589 omnibus
872 2532 975 2604 hujus·
1031 2532 1056 2589 si
1072 2533 1137 2603 quis
1151 2531 1201 2587 tali
1217 2531 1365 2588 facinori*
1380 2532 1497 2601 mistus,
1526 2533 1648 2589 minime
1674 2532 1856 2591 restrinxerit

153 2624 233 2681 modi
248 2622 408 2680 laboratur.
425 2623 568 2678 Lexenim
583 2638 641 2680 non
656 2622 785 2678 admittit
803 2638 975 2694 personem;
1030 2621 1113 2677 irena
1126 2619 1258 2686 luxuria.
1277 2621 1358 2679 Unde
1372 2626 1400 2677 et
1413 2638 1515 2678 omues
1530 2623 1650 2679 omuino
1680 2638 1780 2679 cavere
1805 2624 1855 2680 de-

153 2712 179 2769 si
194 2712 273 2770 enim
287 2710 357 2768 huic
372 2710 450 2780 licet,
466 2711 612 2769 evidenter
639 2710 776 2766 omnibus
802 2709 887 2778 licet;
909 2713 938 2767 et
952 2710 977 2768 si
1030 2710 1101 2766 hant
1114 2709 1182 2766 talis
1197 2709 1315 2766 sceleris
1330 2710 1573 2782 commistionem,
1600 2728 1636 2766 ne
1663 2712 1694 2769 in
1713 2717 1857 2770 aeteruum

154 2800 223 2857 huic
233 2799 415 2873 prohibitum
425 2798 644 2868 sicerit,nullus
659 2816 690 2857 se
701 2800 732 2856 in
742 2800 930 2872 postmodum
941 2799 977 2856 de
1032 2802 1161 2872 pereant.
1178 2799 1233 2855 Sed
1249 2799 1303 2856 hoe
1318 2799 1368 2871 qui
1384 2799 1473 2872 hujus
1488 2799 1656 2872 perniciose
1667 2800 1855 2870 temeritatis,

152 2888 318 2963 ignorantia
332 2888 491 2946 excusabit.
1031 2887 1137 2944 animm
1148 2904 1207 2943 sue
1220 2886 1345 2944 salutem
1356 2888 1560 2962 despicientes,
1573 2889 1750 2963 impiissimo
1761 2905 1792 2948 se
1803 2891 1861 2947 ml·

192 2978 457 3036 lunctuistisetiam
466 2977 621 3035 nobisesse
630 2976 977 3050 aliquostalibusuuptiis
1031 2992 1134 3033 seuere
1146 2977 1346 3049 matrimonio,
1363 2994 1415 3050 per
1428 2978 1528 3034 omnia
1542 2982 1593 3035 tua
1607 2979 1775 3037 fraternitas
1791 2984 1858 3037 stii-

153 3067 317 3141 psrplexos,
334 3067 385 3140 qui
399 3083 452 3140 pro
467 3065 578 3122 nullius
593 3066 892 3123 excommunicatione
908 3083 978 3124 sues
1032 3066 1099 3122 deut
1109 3081 1255 3138 seperare,
1267 3070 1295 3122 et
1306 3066 1481 3138 poenitentia
1491 3067 1585 3139 digne
1596 3069 1859 3140 submittero,qua·

152 3157 290 3214 deserant
304 3155 434 3227 copules.
452 3154 581 3224 Utinam,
596 3155 725 3225 domine,
742 3173 795 3212 uos
810 3155 976 3228 injunctum
992 3143 1014 3210 G
1032 3158 1119 3211 tenus
1139 3154 1175 3210 ab
1190 3157 1298 3213 eteius
1312 3159 1411 3211 erutas
1425 3155 1612 3213 damnatione
1625 3156 1739 3213 animas
1753 3172 1857 3214 eorum

152 3243 978 3318 officiumimplersvaleamus.llliquidquidfaciant,ncs
1034 3243 1166 3311 lucreris,
1182 3247 1341 3316 prestante
1355 3243 1479 3301 Domino
1494 3249 1523 3303 et
1538 3245 1593 3318 (61)
1623 3250 1679 3302 Deo
1706 3245 1859 3303 salvatore

153 3334 257 3392 saltem
273 3332 469 3405 nosmetipsos
491 3332 616 3389 liberere
640 3350 789 3390 curemus.
814 3334 855 3391 De
869 3334 979 3392 talibus
1033 3335 1133 3388 nostro
1147 3333 1216 3388 iesu
1231 3331 1357 3390 Christo.

45 3446 49 3455 ¹
154 3422 262 3496 quippe
272 3421 400 3477 loannes
412 3420 678 3493 clematapostulus
690 3439 697 3483 ;
708 3423 761 3490 Qui
770 3430 861 3478 cutem
875 3426 980 3479 nonest
1068 3421 1130 3476 Non
1142 3420 1596 3493 igiturletetprudsutiamtuam
1607 3423 1774 3480 nouaclum
1790 3424 1859 3481 illos

154 3510 267 3581 calleo,
281 3523 337 3566 non
351 3507 430 3565 cudit
443 3524 494 3564 nos
509 3510 534 3581 (l
554 3513 636 3565 icen.
658 3526 697 3580 iv,
711 3510 750 3581 6).
779 3514 813 3565 In
841 3511 979 3584 hocergo
1033 3507 1857 3585 ecclesiasticacensuralerieudcsquineierioseccnju·

156 3597 361 3671 cognoscimus
376 3596 515 3669 spiritum
530 3596 662 3654 veritatis
676 3601 704 3653 et
714 3597 851 3669 spiritum
862 3599 978 3656 erroris.
1034 3598 1081 3669 gio
1093 3595 1231 3668 polluere,
1246 3597 1297 3653 sed
1309 3597 1565 3679 illosquoquequi
1575 3600 1666 3672 hujus
1677 3600 1797 3658 sceleris
1808 3617 1861 3658 au·

156 3686 234 3744 Deus
243 3686 325 3759 pacis
335 3689 365 3743 et
378 3685 529 3743 charitatis
540 3686 581 3743 ita
594 3702 645 3742 vos
661 3686 717 3743 sibi
732 3686 867 3759 copulare
881 3689 981 3761 digne·
1035 3688 1128 3741 utores
1140 3685 1256 3742 luerunt
1270 3703 1276 3743 :
1288 3685 1372 3743 illum
1386 3686 1521 3744 videlicet
1531 3689 1582 3762 qui
1597 3689 1719 3747 alterius
1734 3689 1862 3748 carnalis

156 3779 205 3832 tur
219 3779 253 3831 ut
271 3775 302 3831 iii
317 3774 364 3831 his
378 3791 442 3847 qua
457 3776 521 3848 ejus
535 3779 605 3832 sunt
620 3775 690 3831 boni
703 3781 909 3857 procuratores
919 3779 980 3836 oxi·
1035 3777 1063 3830 et
1073 3772 1193 3831 ulterius
1205 3775 1665 3851 spiritualispatercognoscitur.
1682 3779 1734 3835 llic
1750 3778 1862 3836 etenim

158 3869 280 3934 etentes,
297 3863 409 3921 nullius
425 3862 560 3937 caliginis
576 3865 756 3921 obscuritate
782 3869 913 3939 torpeat;
929 3868 981 3924 sed
1035 3866 1116 3920 tanto
1128 3864 1233 3936 maiori
1245 3865 1421 3938 poenitentiis
1432 3866 1518 3923 debet
1528 3866 1662 3924 submitti
1676 3872 1786 3942 quanto
1802 3884 1865 3925 me·

156 3953 255 4011 divino
267 3952 408 4011 illustrati
420 3952 543 4027 fulgore,
575 3954 616 4010 sic
644 3954 673 4010 in
701 3956 836 4027 presenti
861 3956 982 4014 valeatis
1031 3953 1127 4024 jorem
1143 3956 1347 4013 auctoritatem
1362 3956 1392 4013 in
1407 3957 1863 4031 causehabuisseprcbetur.i)e

156 4044 244 4102 vinee
257 4044 400 4114 laborare,
417 4047 449 4101 ut
464 4044 493 4101 iii
509 4044 608 4101 lutum
619 4044 791 4115 mereamini
801 4063 874 4119 euge
885 4045 983 4105 Domi·
1035 4042 1104 4099 tiliis
1120 4046 1218 4100 autem
1234 4044 1340 4101 horum
1355 4046 1449 4102 isdem
1464 4046 1637 4102 venerabilis
1665 4051 1748 4119 pater
1763 4046 1861 4104 eidem

128 4176 129 4180 ,
157 4133 259 4191 nicum
274 4134 386 4191 audire.
1035 4131 1187 4186 Theodoro
1198 4130 1337 4205 episcopo
1345 4133 1490 4203 rescribit,
1503 4151 1561 4191 non
1572 4134 1664 4192 teneri
1676 4152 1726 4192 eus
1737 4135 1863 4193 crimine

452 4222 624 4279 epistota
641 4223 690 4278 Vl.
1036 4220 1204 4291 parentum.

229 4307 365 4349 ouuzoms
385 4306 491 4348 assiria
509 4308 693 4349 novarriensis
712 4308 748 4348 io
768 4307 909 4349 omousii.
1319 4310 1497 4368 Episrmffl
1516 4311 1577 4368 VH·

192 4382 306 4438 Domno
333 4383 441 4436 Arruns
469 4380 629 4453 pontificali
656 4380 819 4437 reverentia
849 4381 980 4452 colendo,
1070 4395 1209 4440 Aerenosii
1218 4399 1446 4439 usniotinsrisis
1460 4399 1678 4440 russurrensis
1693 4398 1825 4438 omousii

158 4472 258 4529 Gunzo
271 4469 458 4528 Novariensis
469 4469 602 4527 Ecclesia
616 4468 770 4526 levitarum
780 4471 919 4541 extimus,
930 4472 980 4528 de·
996 4509 1020 4574 D
1071 4470 1862 4543 invictissimocuriecoelestisethletae,acsupernorum

158 4560 225 4616 bite
241 4558 434 4617 venerationis
450 4558 612 4615 servitium.
1036 4564 1144 4621 civium
1160 4562 1284 4619 coetibus
1299 4563 1466 4633 aggregato,
1481 4564 1589 4616 Arroni
1617 4565 1662 4617 ter
1689 4559 1864 4619 beatissimo

193 4651 282 4708 Deeo
311 4650 388 4722 quod
417 4647 559 4705 celsitudo
587 4651 683 4705 vestre
697 4648 869 4720 parvitatem
885 4666 980 4706 meam
1036 4649 1317 4726 pontilici‚liumilis
1332 4649 1439 4705 Christi
1455 4649 1595 4720 famulus,
1620 4650 1863 4721 vesterquetlde-

194 4773 239 4842 (58
261 4773 342 4829 idest
366 4773 555 4846 spiritualem.
570 4773 619 4829 Sic
634 4771 742 4846 legitur
756 4770 786 4826 in
801 4775 916 4828 vetusto
931 4790 980 4830 co·
1035 4777 1156 4832 retulisti
1170 4777 1194 4831 si
1209 4775 1288 4830 licent
1303 4788 1346 4829 eos
1360 4775 1487 4841 cmriuqic
1519 4773 1654 4845 ceputori.
1684 4768 1734 4830 Sed
1753 4771 1784 4827 lii
1809 4788 1860 4829 cur

160 4845 223 4901 dice
260 4817 421 4901 ibliotiiece
437 4843 640 4927 segnemque
668 4842 980 4926 epistolamldircharie
1033 4845 1418 4921 prenitenninrceonjnpio,
1445 4851 1494 4899 ont
1520 4861 1571 4916 pro
1601 4844 1758 4914 huiusmodi
1777 4845 1864 4916 punt·

158 4916 303 4989 integram
319 4915 587 4988 Baluziusreperit:
605 4933 634 4971 iu
650 4932 740 4988 priori
763 4915 889 4972 editione
904 4916 981 4990 lege·
1036 4921 1150 4976 mnrium
1164 4934 1242 4990 opere
1264 4917 1477 4990 compelluntur,
1500 4916 1566 4971 dum
1580 4931 1615 4972 es
1625 4916 1674 4973 toc
1687 4918 1786 4988 eisque
1797 4931 1864 4973 cen·

159 4990 247 5046 betur
260 4987 332 5044 idem
346 4987 528 5060 spirituatem.
1035 4991 1209 5047 deminutione
1220 5005 1276 5045 esse
1289 4990 1475 5061 perhibentur,
1488 4990 1554 5059 quic
1568 4997 1714 5061 conpater
1726 5003 1776 5059 pro
1790 4988 1862 5060 filio,

195 5060 252 5134 (59)
267 5061 430 5116 Enormiter
442 5059 594 5114 asseruisti.
611 5058 657 5114 Sic
671 5058 750 5113 idem
769 5058 858 5115 codex
882 5075 981 5115 emen·
1035 5065 1211 5134 nequedlins
1239 5076 1288 5133 pro
1317 5068 1392 5131 putre
1417 5061 1561 5116 sustinebit
1589 5063 1735 5128 innuente,
1751 5059 1865 5116 disemo

160 5132 243 5188 date:
260 5131 348 5188 editio
376 5129 539 5186 acheriana
563 5146 709 5186 enormem
735 5129 897 5198 disseruisti,
918 5147 981 5186 cor·
1036 5136 1150 5191 Domino
1164 5150 1217 5206 per
1228 5130 1413 5204 proplietam:
1428 5132 1534 5186 Anima
1548 5133 1641 5203 patris
1671 5135 1715 5186 cst
1743 5145 1818 5197 mea,
1835 5133 1866 5186 et

161 5208 255 5274 rupte.
272 5207 312 5259 Ex
325 5203 427 5260 eodem
449 5201 548 5258 codice
571 5205 687 5274 reposui
697 5204 839 5273 precepit,
856 5202 906 5258 ubi
921 5205 984 5259 erat
1037 5205 1202 5262 animalilii
1219 5208 1361 5270 estmea;
1391 5203 1491 5258 anima
1517 5219 1581 5274 qua
1610 5200 1783 5273 peccaverit,
1800 5201 1867 5288 ipse

158 5275 312 5346 praecipiat.
1037 5278 1188 5334 morietur.
1202 5275 1254 5331 Sed
1268 5280 1294 5330 et
1309 5274 1341 5330 dc
1369 5273 1422 5336 tis.
1451 5276 1546 5345 frater
1568 5274 1743 5340 sturionum,
1763 5271 1869 5330 discsse

197 5345 253 5426 (60)
266 5345 395 5417 seposito.
412 5344 464 5401 Hic
479 5343 566 5401 etiem
582 5342 710 5400 codicem
727 5344 841 5417 regium
856 5359 980 5416 sequor:
1036 5347 1242 5420 sufficiendum
1256 5348 1347 5402 numm
1365 5345 1491 5402 nectiter
1505 5360 1588 5416 apere
1615 5345 1745 5413 subiectis
1767 5359 1868 5401 conce-

118 5430 129 5459 a
161 5430 242 5489 prior
251 5416 340 5472 editio
349 5418 477 5489 reposito,
493 5420 522 5472 et
536 5432 604 5471 mox
616 5415 751 5488 faenore.
1037 5421 1096 5488 dus,
1112 5435 1147 5474 ne
1161 5436 1178 5474 c
1192 5426 1265 5473 recto
1280 5418 1389 5474 tramite
1399 5417 1553 5474 incentoris
1575 5414 1724 5473 discedere.
1740 5419 1806 5474 Herc
1820 5419 1869 5474 eat

196 5486 253 5559 (ot)
268 5488 300 5542 Et
313 5488 368 5543 Dec
380 5488 529 5544 Sutucme.
551 5487 582 5543 ln
607 5486 706 5543 codice
721 5485 811 5558 regio,
834 5489 983 5559 prestante
1037 5490 1128 5549 altera
1140 5486 1269 5562 epistole
1281 5503 1361 5560 pers,
1376 5488 1462 5562 cujus
1477 5487 1575 5544 Gunzo
1606 5486 1636 5544 in
1663 5486 1722 5545 tine
1740 5485 1868 5563 hujusce

161 5559 596 5642 consentientemque·
621 5574 658 5618 esc
683 5559 724 5618 eis
745 5559 807 5618 noti
818 5559 982 5634 moiuntur,
1037 5560 1165 5641 epistole
1181 5559 1325 5620 meminit.
