3908 6096
90 310 149 384 Μ
386 310 391 316 ’
833 305 1053 372 namucum.
1739 304 1797 370 l„

90 445 235 522 gssmini.
251 445 283 501 Di
297 445 412 520 punisti
425 444 543 504 obsides
553 461 574 502 a
582 443 667 502 nobis
681 443 772 501 dandi
787 441 916 515 sunt,vel
929 442 958 511 Α
971 457 1027 499 run
1039 440 1093 498 erit
1104 441 1180 499 citro
1193 443 1243 500 tace
1250 440 1424 516 prouerbium
1439 441 1470 498 io
1484 440 1569 498 lercet
1584 439 1692 516 (duct.
1713 456 1797 508 xviri,

91 533 314 597 sidenumineti
328 551 361 592 se
374 550 426 606 pro
440 533 525 591 nobis
536 532 663 606 obligari
685 532 828 600 noverint,
845 530 916 603 quid
970 532 1009 599 3).·
1026 531 1100 587 Fieri
1124 531 1231 604 quippe
1254 535 1359 604 potest,
1375 535 1408 587 ut
1431 530 1470 587 sit
1491 530 1569 587 iuter
1593 535 1704 604 gentse,
1721 530 1799 585 inter

91 622 241 698 mudum
256 623 306 695 sit,
320 627 374 679 sut
396 622 421 679 si
444 622 659 690 consenserint,
674 638 733 695 quo
756 625 852 695 paeto,
866 624 919 678 aut
971 620 1129 693 egyptios,
1145 621 1299 677 sedetiam
1314 621 1344 677 in
1360 619 1549 690 Babylonios,
1565 620 1616 675 sed
1640 636 1698 676 nou
1713 619 1744 675 in
1759 620 1799 676 Is·

91 728 161 774 um
175 728 236 786 qna
257 710 481 771 mauritanum
505 711 568 768 fieri
584 715 727 783 oporteat,
742 711 773 767 si
800 708 918 782 seriptis
971 708 1042 765 rael.
1057 708 1162 781 Utique
1177 709 1226 782 qui
1242 709 1317 765 hanc
1332 710 1485 782 postponit
1508 709 1696 776 sententiam,
1714 712 1743 764 et
1762 708 1797 763 ll·

92 802 156 865 hw
182 802 337 861 conventio
359 800 492 857 adnotari
512 800 676 868 conveniat,
700 800 742 856 sel
767 800 792 856 si
820 798 942 856 verbis*
971 797 1045 853 lium
1060 798 1162 871 patris,
1178 798 1222 854 vel
1239 815 1290 870 pro
1314 799 1440 871 alicujus
1456 797 1588 871 parentis
1614 797 1701 869 culpa
1715 797 1799 854 dam·

91 889 298 954 hntummodo
312 889 448 947 credetur
458 889 676 959 communibus,
683 889 709 945 si
723 888 869 945 terminus
879 888 919 944 sit
972 887 1093 958 neverit,
1111 903 1178 944 reus
1192 887 1257 953 erit,
1273 890 1302 943 ct
1326 904 1384 947 non
1409 887 1570 944 Israelitioo
1586 885 1694 959 populo
1717 902 1798 942 oom-
1836 931 1839 937 .

91 979 302 1054 imponendus,
318 978 364 1034 vel
378 979 580 1051 inquantum,
595 982 648 1035 rut
662 979 687 1035 si
704 979 877 1050 subreptum
887 976 917 1033 in
972 976 1134 1048 putabitur.

92 1068 192 1142 dicon
207 1068 392 1141 principibus
402 1069 446 1140 lde
460 1069 545 1125 nobis
560 1068 657 1135 luerit,
673 1068 753 1140 quod
767 1066 918 1122 violamri·
1008 1066 1042 1121 Dt
1057 1065 1180 1121 tortasse
1195 1065 1267 1121 dicit
1282 1063 1390 1137 uliquis
1406 1080 1413 1119 :
1430 1065 1558 1137 Quiquid
1574 1064 1604 1120 in
1618 1063 1799 1136 {hujusmodi

92 1156 358 1230 muspropccttsm
378 1157 577 1228 sponsionem,
594 1172 646 1228 pro
670 1153 854 1227 qnapraeiati
870 1153 920 1210 ob·
973 1153 1123 1210 hominem
1139 1154 1242 1220 lacero,
1259 1155 1295 1210 ad
1319 1170 1388 1210 eum
1404 1155 1539 1225 pertinet,
1556 1154 1607 1226 qui
1630 1170 1698 1210 eum
1725 1152 1798 1209 mibi

91 1246 171 1306 dues
184 1244 250 1305 dari
271 1245 421 1316 iubentur,
437 1242 565 1316 qualiter
587 1243 720 1301 convinci
742 1241 787 1298 vel
802 1241 919 1299 detondi
973 1241 1104 1298 tradidit.
1116 1246 1197 1298 Certe
1206 1259 1306 1299 revera
1316 1243 1385 1315 quia
1395 1241 1431 1297 ad
1443 1257 1511 1297 eum
1524 1243 1650 1314 pertinet
1664 1262 1671 1311 ;
1683 1243 1733 1298 sed
1745 1259 1797 1298 uec

91 1336 208 1400 debent.
222 1337 274 1392 sut
298 1350 363 1406 qua
377 1333 425 1390 lex
446 1334 578 1407 vigorem
599 1333 630 1388 in
645 1331 755 1389 talibus
778 1331 918 1398 obtineat,
973 1331 1085 1387 tuideo
1105 1332 1304 1389 excusaberis.
1320 1333 1383 1388 Nou
1408 1331 1487 1388 enim
1503 1347 1557 1387 suo
1580 1336 1697 1403 peccato
1712 1336 1797 1388 tuum

93 1428 195 1486 ulrum
208 1414 418 1491 ecelesiastica,
430 1422 568 1479 suetiam
579 1420 739 1490 mundana,
753 1422 798 1477 vel
811 1419 921 1493 quibus
973 1435 1115 1477 evacuare
1129 1420 1249 1493 poteris,
1265 1421 1316 1477 sed
1332 1423 1357 1477 si
1373 1420 1422 1476 ille
1434 1419 1511 1476 male
1526 1420 1616 1486 dedit,
1633 1423 1662 1475 et
1675 1425 1707 1476 tn
1723 1418 1800 1477 male

92 1512 220 1575 iactibus
235 1511 342 1570 cedem
366 1510 519 1569 conventio
542 1511 731 1584 approbetur,
748 1508 773 1566 si
797 1508 875 1565 inter
889 1524 921 1564 sc
974 1509 1123 1581 sucepisti,
1134 1510 1237 1567 umbos
1252 1508 1526 1581 tenebitiniquitas.
1540 1507 1799 1564 lllerristianum

93 1600 215 1662 utrem
225 1605 323 1674 partes
333 1599 776 1658 dissensmmtmsniiestissime
787 1597 921 1671 propala·
974 1599 1025 1653 tuo
1040 1599 1182 1670 supponit
1206 1597 1313 1670 gladio,
1328 1598 1382 1654 tibi
1396 1597 1560 1655 Christiano
1577 1614 1635 1653 non
1649 1596 1715 1653 ideo
1731 1612 1799 1652 eum

97 1691 135 1761 ri,
148 1691 176 1749 si
189 1689 254 1747 fieri
269 1693 373 1762 potest,
389 1689 541 1746 humiliter
549 1689 745 1762 exposcimus.
758 1687 921 1743 Plurimum
975 1685 1059 1742 ferire
1074 1686 1181 1743 licebit.
1192 1688 1267 1752 Quid
1288 1693 1321 1743 ut
1335 1691 1536 1759 percuteretur
1554 1684 1710 1759 peccavit?
1724 1683 1799 1749 Quid

98 1778 208 1837 mnim
221 1782 251 1836 et
264 1793 343 1836 nuno
356 1781 387 1835 et
399 1778 430 1834 iu
445 1778 544 1835 tuturo
553 1776 670 1846 vaiebit,
684 1777 710 1833 si
723 1781 786 1833 tam
801 1774 921 1848 grandis
935 1808 960 1874 B
976 1775 1155 1832 malefecit?
1170 1776 1281 1848 Nempe
1292 1777 1318 1832 si
1333 1776 1487 1832 eharitatis
1500 1792 1591 1832 causa
1605 1790 1636 1831 ec
1647 1775 1801 1847 objecit,ut

97 1883 152 1932 scu
171 1866 306 1924 inaudite
331 1882 422 1924 causa
440 1865 471 1924 in
492 1867 557 1939 ipso
577 1866 697 1923 exordio
718 1863 924 1923 suluberrim'm
977 1865 1102 1921 alterurn
1115 1864 1455 1932 liberaret,bonorandus
1464 1870 1521 1936 est,
1533 1882 1591 1923 non
1599 1864 1799 1937 perimendus.

97 1955 188 2013 luerit
196 1959 372 2029 peremnia
384 1946 655 2027 consilliaejusque
664 1954 797 2011 delinitio
806 1952 923 2027 paginis
977 1953 1022 2013 lit
1035 1953 1114 2009 enim
1130 1954 1233 2010 beatus
1248 1958 1352 2011 Petrus
1367 1953 1517 2027 apostolus
1533 1970 1540 2008 :
1555 1956 1624 2009 Ante
1637 1955 1731 2009 omnic
1739 1969 1801 2008 mc·

98 2045 315 2114 minem,
340 2043 456 2102 nullam
479 2042 603 2101 Quina
625 2044 847 2116 ambiguitatem
869 2041 923 2098 sd·
977 2051 1054 2100 taem
1067 2045 1100 2100 ic
1117 2044 1290 2114 wunstipws
1307 2043 1472 2098 civitaten
1486 2044 1645 2099 continuam
1659 2042 1799 2107 Mecales,

97 2132 208 2193 mittet.
233 2132 280 2190 llic
301 2148 420 2205 quoqne
444 2135 506 2190 mm
530 2132 663 2190 desidem
688 2136 718 2189 et
740 2131 922 2204 imperitum,
977 2131 1172 2203 oaisctoritcs
1182 2133 1269 2204 operit
1280 2131 1485 2188 multitudinem
1503 2130 1798 2202 pecroeommurrtr.

96 2220 395 2281 uendtenrbsctenus
415 2238 473 2279 nou
498 2221 643 2293 reperisse
656 2220 693 2278 ab
717 2217 924 2278 ecclesiasticis
976 2237 1015 2289 iv,
1026 2222 1064 2289 8).
1079 2222 1113 2277 lit
1123 2220 1302 2276 Dominuein
1312 2220 1482 2293 Evangelio:
1496 2221 1624 2292 llcjorem
1637 2220 1801 2276 cicotctem

96 2309 266 2369 docunius
280 2307 338 2367 tale
351 2307 422 2381 quid
444 2308 618 2366 suowritete
641 2308 802 2374 firmatum,
818 2305 861 2364 vel
876 2323 924 2364 ex·
976 2325 1056 2366 neno
1066 2309 1243 2382 hebetarunt
1253 2311 1659 2381 ctccimomouompoootquis
1667 2309 1801 2381 proami-

96 2396 195 2470 emplo
209 2396 404 2470 propesitum.
422 2397 476 2454 ssd
489 2396 517 2455 si
533 2396 600 2469 quis
614 2396 852 2454 studiosissimus
867 2395 923 2452 hoo
975 2401 1017 2456 cis
1026 2401 1085 2456 sors
1096 2399 1237 2471 (iocans,
1248 2398 1302 2469 17).
1313 2402 1425 2468 Moyses
1434 2402 1533 2455 autem
1544 2398 1735 2470 semetipsum
1748 2413 1800 2468 pru

36 2536 39 2540 ,
97 2486 371 2559 inuenirepotuerit
385 2489 594 2559 perscrutator,
610 2501 663 2559 ego
678 2486 757 2558 quod
780 2484 922 2541 assuetis
976 2487 1084 2561 populo
1095 2487 1445 2560 lsraelopponens‚nitad
1458 2488 1614 2543 Dominum
1626 2503 1633 2542 ε
1644 2486 1801 2542 Aotdimit-

97 2575 234 2637 Patribus
246 2579 392 2635 Debitum
407 2578 463 2643 est,
478 2573 685 2632 inviolabilium
709 2589 808 2631 assero
822 2573 922 2630 obser·
976 2585 1002 2634 te
1016 2578 1083 2647 iltis,
1095 2576 1218 2642 Domine,
1230 2576 1300 2642 tanc
1313 2590 1427 2647 nocam,
1439 2579 1487 2632 urat
1500 2576 1561 2632 dete
1573 2591 1616 2633 mc
1626 2575 1659 2632 de
1671 2576 1742 2631 titre
1752 2577 1799 2632 too

96 2663 423 2727 vandumiidclitatem
432 2668 726 2736 quuquenostrorum
734 2662 923 2719 dominorum
976 2682 1056 2738 pacm
1068 2667 1203 2738 scripsisti
1217 2665 1318 2738 (Eucti.
1331 2681 1420 2736 xxxii,
1436 2666 1492 2738 31).
1509 2665 1561 2722 Cui
1576 2665 1617 2721 ait
1632 2664 1773 2721 Dominus
1790 2680 1797 2720 :

97 2752 417 2827 otregumpleniterin
433 2753 572 2812 omnibus
587 2753 688 2824 judico
699 2752 921 2809 observandam.
977 2757 1031 2825 Qui
1044 2756 1206 2825 'peccaverit
1232 2757 1264 2811 ic
1293 2771 1349 2822 mr,
1377 2753 1473 2812 delebo
1501 2771 1564 2811 eum
1591 2754 1624 2810 de
1656 2754 1726 2809 libro
1754 2762 1799 2810 tuo

97 2841 184 2902 nuto
195 2843 371 2901 medoenim
381 2846 449 2901 ente
460 2841 561 2901 oeulos
573 2841 677 2903 divine
684 2840 923 2913 majestatispuri
976 2844 1070 2915 (leid,
1084 2845 1141 2918 33).
1157 2845 1197 2900 Ao
1212 2844 1236 2899 si
1252 2844 1362 2900 diceret
1378 2858 1386 2900 ε
1401 2845 1445 2900 Tu
1462 2846 1535 2900 bene
1560 2841 1712 2916 postulss3
1730 2843 1799 2915 quis

98 2931 224 2991 inventri
241 2948 411 3004 possumus,
423 2931 449 2989 ei
463 2931 506 2991 eis
520 2929 654 2989 infideles
665 2929 813 2988 ullatenus
823 2929 923 2987 existi·
977 2933 1024 3005 pie
1039 2933 1189 3005 postulss3
1206 2948 1260 3006 ego
1272 2937 1438 2989 autemnon
1452 2933 1495 2988 ita
1506 2932 1676 3000 laciam‚sed
1687 2935 1800 2988 rectum

96 3036 176 3084 mus.
190 3021 239 3078 ait
252 3020 331 3079 enim
342 3020 485 3079 Dominus
498 3020 529 3079 in
544 3020 698 3093 Evangelio
713 3037 721 3075 :
737 3019 769 3077 st
781 3020 923 3078 bominem
973 3022 1387 3095 J‘udiciumjudicabo.Siuero
1397 3037 1450 3094 pro
1461 3021 1582 3078 alterius
1593 3020 1800 3094 gratiaaliquis

93 3124 177 3182 qam
190 3109 264 3169 uides
284 3125 342 3169 nors
365 3109 474 3181 ditiori,
488 3111 576 3167 Deum
589 3125 668 3181 pacm
690 3125 746 3165 coa
767 3108 842 3165 vider
855 3123 921 3181 qoo-
977 3127 1009 3167 se
1022 3110 1122 3167 taliter
1135 3110 1314 3182 opposuerit,
1330 3114 1363 3165 ut
1372 3110 1446 3166 alter
1459 3110 1564 3166 exinde
1574 3109 1690 3165 luorum
1701 3108 1802 3181 acqui·

92 3197 175 3261 modu
188 3203 264 3270 poter
283 3198 426 3268 ddiwel
447 3198 474 3270 (l
484 3200 565 3255 loon.
583 3215 621 3265 ru,
636 3198 664 3263 7,
679 3198 719 3268 8.)
734 3198 769 3255 lit
792 3197 857 3253 ideo
871 3177 960 3269 proc
978 3203 1033 3268 rat,
1050 3200 1094 3255 vel
1109 3198 1243 3272 gloriam,
1259 3197 1314 3254 hoc
1330 3199 1451 3254 minime
1464 3197 1563 3254 laudo.
1580 3197 1612 3253 ln
1628 3198 1685 3254 isto
1695 3197 1760 3268 jum
1774 3195 1800 3253 si

92 3285 218 3351 illorum
228 3285 368 3344 fidelitate
380 3284 522 3357 regnique
533 3290 611 3345 stetu
625 3289 655 3341 et
669 3301 739 3358 pecc
753 3284 838 3342 nobis
847 3289 924 3343 sets·
976 3288 1098 3357 uenerit,
1110 3304 1210 3344 revere
1222 3285 1420 3360 triplicabitur
1433 3286 1699 3358 homicidinm‚nec
1713 3285 1800 3343 alieni

90 3390 165 3450 gers
177 3373 322 3446 conveuit,
338 3374 590 3446 quemadmodum
602 3373 806 3433 scurissimos
816 3390 924 3448 presu-
977 3380 1065 3433 erum
1079 3375 1228 3433 acrimine
1236 3380 1299 3432 tam
1312 3376 1376 3448 ipse
1386 3376 1436 3448 qui
1447 3376 1639 3432 homicidium
1652 3380 1799 3449 perpetra·

92 3464 149 3532 les,
163 3466 283 3523 metros
298 3461 447 3535 siquidem
456 3462 756 3535 predecessores,pro
771 3461 922 3536 religioso·
976 3465 1059 3534 verit,
1076 3481 1165 3538 quam
1180 3464 1228 3522 ille
1243 3465 1294 3538 qui
1307 3465 1458 3522 bominem
1474 3463 1596 3521 subtuli
1611 3464 1801 3521 conventione

93 3568 164 3615 rum
175 3550 345 3626 prinoipem
358 3551 656 3613 norimuslnbnraese
671 3551 776 3610 suun.
786 3552 922 3626 Alioquin
976 3553 1107 3621 tradidit,
1123 3571 1175 3611 seu
1190 3559 1220 3611 st
1233 3554 1307 3626 ipso,
1318 3554 1369 3627 qui
1384 3554 1439 3610 hoc
1454 3555 1490 3610 de
1505 3569 1536 3609 se
1551 3552 1614 3610 tleri
1629 3552 1800 3626 permisit,si

95 3638 468 3711 nssmmnuvumudlioere
476 3640 924 3709 censeo,nisimoximautilitate
978 3644 1014 3701 ad
1028 3643 1239 3716 intelligibilem
1251 3645 1315 3715 jam
1330 3641 1460 3716 pervenit
1470 3642 1677 3699 etatemNam
1689 3643 1725 3698 do
1735 3659 1800 3715 par·

93 3727 139 3793 vel
153 3727 328 3790 neuauilele
341 3731 475 3800 argeum,
490 3729 592 3787 sumni
607 3729 755 3801 pontilicis
766 3729 923 3800 mutantia,
978 3732 1053 3789 vulis
1066 3733 1136 3805 quid
1152 3732 1231 3789 aliud
1243 3732 1400 3789 dicendum
1412 3732 1527 3800 est,nisi
1542 3731 1620 3805 quod
1631 3732 1799 3788 innocentes

93 3815 337 3889 vslprudsntium
347 3815 923 3890 lueritepisooporumdeliberatumcon-
977 3828 1112 3894 pereunt,
1127 3825 1157 3878 et
1174 3821 1307 3878 insontes
1330 3821 1483 3878 existunt?
1499 3821 1574 3877 Audi
1589 3821 1660 3893 quid
1685 3821 1720 3876 de
1735 3820 1798 3892 ipso

95 3903 172 3969 silio.
188 3905 331 3965 Nouimus
347 3905 428 3963 enim
443 3906 524 3979 quia,
534 3909 568 3963 ut
579 3906 622 3963 ait
641 3907 782 3962 Dominus
792 3922 844 3978 per
857 3924 925 3978 pro·
977 3909 1101 3967 Domino
1113 3914 1210 3966 aotnm
1219 3909 1409 3966 sitvinctum
1421 3909 1605 3966 illumludei
1617 3908 1707 3966 Pilato
1716 3910 1800 3964 obtu-

96 3993 216 4066 phetam
231 4011 238 4050 :
255 3992 328 4064 octe
341 4000 381 4052 est
402 3993 461 4062 boc,
477 3994 549 4066 qaod
570 3995 678 4050 vertitis
701 3996 735 4052 in
748 3995 925 4067 pecualium
977 3998 1084 4065 lerunt,
1100 4002 1134 4054 nt
1157 3997 1385 4070 crucifigeretur,
1407 3999 1536 4055 dicentes
1552 4014 1559 4054 ε
1577 3998 1713 4068 Cmcifioe
1725 4013 1798 4053 eum.

94 4081 215 4147 dicatos
230 4082 542 4145 :retrocesserunt
565 4099 632 4140 avar
657 4083 778 4154 melos,
791 4083 924 4143 ctdcntar
976 4092 1032 4146 Nor
1046 4088 1132 4156 leuem
1145 4086 1286 4158 tutemus,
1302 4090 1329 4143 ct
1351 4086 1501 4144 neumam
1528 4089 1614 4158 lacem
1636 4086 1714 4142 delet
1727 4087 1800 4141 mort

94 4170 220 4242 ittonam
238 4171 437 4243 obstupescunt.
456 4173 519 4228 Vivo
534 4187 592 4244 epo,
608 4173 677 4233 dicit
700 4175 842 4242 Dominus,
857 4176 924 4245 quic
976 4178 1067 4249 (ioan.
1082 4193 1141 4249 xix,
1155 4177 1194 4248 7).
1211 4176 1246 4232 nt
1258 4175 1366 4234 iterum
1384 4177 1528 4248 :Scepsis
1541 4178 1602 4249 ejas
1615 4191 1699 4246 saper
1712 4190 1761 4231 nor
1774 4181 1801 4230 et

95 4275 152 4316 non
166 4261 220 4317 m't
233 4261 310 4316 oltrc
336 4259 387 4317 ltcc
404 4262 582 4333 proverbium
594 4261 625 4316 tn
648 4260 736 4317 lsrael
750 4281 760 4319 :
774 4268 805 4319 at
828 4264 924 4318 ocimo
976 4282 1059 4339 super
1072 4266 1143 4336 filios
1163 4272 1267 4321 nostros
1285 4265 1391 4335 (Haut.
1415 4281 1503 4334 unu,
1523 4265 1580 4333 23).
1596 4264 1649 4321 Sed
1665 4263 1799 4336 quamuis

93 4350 194 4420 petru,
205 4350 249 4405 ito
263 4351 395 4405 monimo
404 4350 579 4420 fitiimeoert
589 4348 698 4420 (Erret.
708 4350 838 4421 xv111,2).
855 4351 922 4406 Aoi·
976 4354 1039 4427 ipse
1049 4354 1154 4410 dixerit
1165 4370 1172 4410 :
1183 4354 1385 4410 Mandorrcmc
1395 4354 1719 4426 scncaioebcjusdbid,
1730 4353 1797 4424 2⁴),

93 4454 211 4510 nuqua
223 4440 390 4511 peccaverit,
407 4438 620 4510 ipscmurietcr.
635 4438 723 4494 Filius
737 4454 792 4494 noo
804 4441 924 4510 portabit
977 4447 1010 4499 ut
1024 4443 1158 4516 quamvis
1169 4459 1275 4498 manus
1287 4443 1397 4510 laverit,
1408 4447 1505 4499 tamen
1521 4443 1591 4514 quia
1606 4441 1799 4497 homicidium

96 4527 275 4601 iniquitatem
286 4529 378 4600 patrio
391 4534 417 4584 et
437 4534 520 4599 poter
534 4542 590 4583 oon
601 4527 725 4599 portabit
747 4529 923 4600 iniquttctem
937 4548 962 4613 Β
977 4532 1109 4605 improbe
1131 4531 1315 4604 perpetravit,
1333 4530 1499 4587 nullatenus
1514 4530 1620 4603 poterit
1645 4529 1798 4586 acrimiue

95 4617 154 4687 etii
167 4615 262 4689 (ibid,
272 4617 329 4686 20).
341 4617 413 4684 Quis
431 4632 500 4689 ergo
510 4615 667 4689 religiosus
681 4621 782 4673 contra
796 4617 925 4675 Domini·
978 4620 1122 4676 excusari.
1138 4620 1212 4678 Nam
1228 4619 1371 4675 Dominioi
1397 4619 1500 4677 eliusio
1513 4617 1667 4690 sanguinis
1681 4621 1710 4672 et
1732 4616 1799 4673 illos

98 4720 162 4762 cam
177 4705 355 4763 sententiam
370 4705 466 4762 dicere
481 4704 597 4773 audeat,
614 4705 691 4778 quod
706 4705 814 4780 aliquis
829 4707 925 4766 fidelis
979 4709 1147 4779 maculavit,
1163 4711 1191 4764 et
1205 4707 1283 4763 hune
1298 4707 1328 4763 in
1343 4711 1516 4780 perpetuum
1529 4706 1688 4763 damnavit.
1700 4706 1755 4762 Sed
1771 4709 1800 4762 et

96 4810 150 4867 pro
164 4794 261 4867 patric
275 4795 432 4851 damnetur
454 4794 618 4866 iniquitate,
635 4799 686 4851 aut
709 4811 761 4868 pro
776 4795 839 4865 filii,
856 4813 924 4853 curn
978 4797 1033 4853 hoe
1041 4798 1077 4854 de
1085 4795 1474 4853 omnibusinnocentibusad
1484 4812 1599 4868 poenam
1610 4795 1725 4851 truditis
1735 4811 1800 4852 sen·

96 4883 200 4940 audiat
209 4883 308 4956 ipsum
322 4882 478 4939 Dominum
490 4884 636 4940 dicentem
649 4900 656 4939 :
667 4885 758 4941 Filiae
770 4891 925 4957 conporta-
977 4885 1110 4942 tiendum
1125 4889 1180 4940 eet.
1196 4885 1319 4949 Quidam
1335 4901 1387 4957 pro
1402 4886 1633 4957 angustiantes
1648 4885 1684 4940 nb
1699 4884 1798 4954 aliquo

97 4973 137 5028 uu
151 4974 331 5045 iniquitatem
343 4974 443 5044 patris,
454 4987 504 5028 nec
515 4976 595 5044 puter
606 4971 665 5044 filii
674 4977 687 5026 l
696 4972 834 5038 Quamvis
844 4975 924 5033 enim
975 4971 1101 5033 liberare
1115 4972 1241 5045 possint,
1258 4973 1382 5029 alterum
1405 4978 1568 5047 opponunt,
1584 4973 1628 5030 vel
1643 4973 1730 5028 etiam
1745 4984 1798 5040 pro

95 5060 174 5118 filiis
184 5061 357 5133 perentibus
367 5075 474 5116 noxam
484 5062 571 5132 primi
581 5059 924 5127 hoministrabant,sacri
977 5061 1131 5118 commodo
1146 5064 1179 5116 ut
1191 5078 1243 5134 pro
1258 5061 1308 5117 tali
1328 5062 1496 5120 adulatione
1510 5063 1597 5121 ditari
1612 5061 1705 5116 vitant
1717 5056 1797 5112 vide·

95 5149 187 5207 lentis
200 5150 379 5224 baptismate
388 5149 572 5221 expiandam,
586 5155 685 5208 umen
696 5149 807 5222 aliquid
822 5154 924 5222 postes
977 5153 1073 5206 antur.
1090 5149 1214 5217 Quidam
1235 5166 1303 5206 vero
1325 5151 1450 5208 nimium
1468 5153 1498 5207 in
1514 5169 1544 5209 se
1560 5147 1748 5214 confidentes,
1764 5160 1799 5201 eo

94 5240 208 5312 peceati
221 5243 358 5312 parentes
372 5237 545 5310 admittunt,
559 5239 608 5296 ubi
623 5240 676 5296 tilii
691 5238 848 5313 participes
863 5256 922 5297 non
976 5238 1096 5311 quidem
1110 5237 1363 5312 promittuntque
1379 5257 1438 5296 sne
1451 5257 1508 5296 non
1525 5242 1593 5293 sunt
1603 5233 1798 5308 potestatis,et

93 5330 180 5398 sunt,
195 5327 232 5385 sil
247 5343 298 5385 sos
312 5343 371 5384 uon
385 5327 531 5400 pertinere
541 5329 609 5398 quis
623 5327 771 5400 ambigit?
786 5327 841 5384 Sed
856 5332 885 5384 et
896 5327 921 5384 si
976 5343 1028 5401 pro
1040 5326 1093 5383 tali
1103 5326 1313 5401 pollicitatione
1329 5328 1446 5384 obsides
1457 5327 1670 5399 ponunt,qupm
1680 5322 1798 5381 illisvix

94 5416 160 5474 fleri
171 5418 260 5475 etiam
272 5420 380 5490 potest,
391 5420 425 5472 ut
434 5419 532 5489 patres
541 5416 696 5472 comedant
708 5433 779 5473 uvas
790 5417 921 5489 acerbes,
975 5416 1134 5489 adimplere
1149 5415 1339 5488 permittitur.
1351 5416 1422 5481 Quis
1436 5415 1513 5470 onim
1524 5413 1559 5468 de
1574 5428 1605 5468 se
1619 5428 1796 5485 presumere

94 5510 124 5564 et
135 5507 239 5563 dentes
249 5504 689 5578 liliorumnbtupesoent,tnmen
700 5522 758 5563 non
769 5505 919 5576 internos,
975 5505 1090 5575 audeat,
1106 5503 1151 5561 vel
1165 5512 1232 5577 quis
1255 5505 1291 5560 de
1315 5520 1346 5559 se
1361 5502 1465 5576 poterit
1479 5517 1544 5557 esse
1567 5502 1711 5559 securus?
1725 5500 1795 5569 Quis

93 5611 155 5656 uon
176 5595 209 5655 in
232 5593 335 5657 lsrael.
349 5594 397 5654 Ait
411 5593 490 5653 enim
513 5592 656 5654 Dominus
672 5608 680 5650 ι
699 5595 763 5653 Vivo
785 5610 833 5668 ccc
853 5596 921 5669 quic
974 5594 1138 5667 promptior
1147 5595 1183 5652 de
1194 5593 1319 5665 aliorum
1327 5605 1457 5662 unquam
1466 5591 1573 5662 poterit
1582 5608 1648 5652 esse
1657 5589 1795 5650 fidelitate
