3908 6096
117 325 176 385 'lbi
408 322 617 387 EXPOSll’lO
638 321 677 384 IN
701 310 1175 385 selsrohssPAUb1.-1N
1198 319 1320 383 sslsv.
1345 318 1397 381 sb
1419 311 1538 379 fluns.
1759 309 1826 382 762.

121 454 205 524 liora,
220 458 250 509 et
265 453 405 510 viciniora
417 454 516 518 saluti,
546 455 663 511 tametsi
688 455 729 510 ita
753 452 913 525 loquimur.
927 473 941 502 ιι
956 453 984 522 Α
999 454 1122 525 adeptus
1137 458 1183 509 est
1193 452 1429 526 promissionem.
1442 471 1457 500 n
1474 448 1548 507 Mira
1563 444 1712 519 sapientia
1740 443 1824 503 beati

121 543 801 610 QuiabeatusPaulusnonhabuitundeeos,
820 542 944 612 adqucs
998 542 1089 598 Pauli.
1107 544 1159 599 Per
1183 544 1261 598 vices
1289 542 1427 598 laudibus
1456 537 1567 596 extollit
1595 553 1654 603 eos,
1685 534 1720 589 sd
1744 550 1820 607 quos

120 632 251 705 scripsit,
268 634 303 688 de
319 634 511 705 praesentibus
523 631 881 704 laudaret‚ineipiteosde
893 646 944 702 spe
998 632 1118 701 scribit,
1135 633 1275 705 pervices
1291 631 1453 688 terroribus
1468 625 1668 685 antecedentis
1688 623 1818 679 historiae

120 721 540 794 futurapradicaredicens:
558 721 880 788 confidimusiratres,
909 719 944 773 de
998 725 1085 777 terret
1101 738 1160 788 ecs,
1177 740 1213 777 ne
1236 721 1369 778 infideles
1395 722 1503 781 essent,
1533 722 1561 773 et
1586 716 1684 772 minus
1708 708 1820 768 creduli

120 811 204 867 vobis
221 811 350 874 meliora,
361 815 388 866 et
399 811 541 867 viciniora
554 812 651 880 saluti,
665 812 800 883 quamvis
812 811 853 864 ita
866 809 945 862 dica·
999 811 1244 881 promissioniDei
1256 829 1263 878 ·,
1274 809 1482 883 pervicesvero
1494 801 1743 876 sorumexemplis
1752 800 1820 856 hor·

120 917 203 968 mus;
221 904 305 972 quasi
322 900 443 956 dixisset
456 917 463 956 ι
475 902 720 974 Optimaquaeque
736 903 771 955 de
782 900 863 955 vobis
874 915 944 953 con·
998 904 1080 954 tatur
1095 901 1130 955 ad
1147 900 1318 972 patientiam
1334 904 1361 955 et
1385 899 1484 968 fidem,
1509 901 1537 953 et
1561 899 1594 950 ut
1617 891 1819 949 indubitanter

119 989 252 1055 fidimus,
267 995 295 1044 et
310 1007 374 1060 quae
390 989 478 1045 saluti
493 995 595 1046 vestrae
611 991 782 1063 proficiant;
802 1005 860 1044 nou
885 986 942 1043 uti·
999 989 1127 1057 credant,
1145 1006 1201 1044 non
1218 988 1312 1045 solum
1329 989 1386 1044 Deo
1402 987 1521 1053 dicenti,
1536 1000 1638 1040 verum
1659 981 1748 1050 etiam
1768 981 1818 1051 ju·

119 1094 188 1150 que,
205 1078 283 1149 quod
299 1078 437 1150 superius
448 1080 549 1135 dixide
558 1081 682 1151 reproba
693 1086 770 1134 terra
783 1084 811 1134 et
824 1077 944 1132 combu·
999 1078 1073 1133 renti
1088 1095 1138 1150 per
1152 1079 1354 1151 semetipsum.
1367 1079 1401 1133 lit
1411 1079 1481 1133 dum
1492 1075 1518 1131 ai
1529 1074 1622 1130 multa
1632 1071 1820 1144 suppeterent

119 1166 209 1222 stioni
225 1169 367 1240 proxima,
384 1169 419 1224 de
434 1168 578 1225 vobishoo
590 1169 729 1236 diximus,
744 1168 812 1239 quia
824 1165 945 1221 meliora
998 1167 1130 1239 exempla
1145 1173 1325 1235 sanctorum,
1342 1167 1393 1240 qui
1408 1183 1459 1239 per
1473 1163 1645 1238 patientiam
1666 1159 1819 1216 haeredita·

120 1256 157 1311 de
172 1257 253 1312 vobis
268 1257 426 1314 oredimus.
999 1261 1068 1311 runt
1083 1257 1292 1329 promissiones
1308 1257 1369 1325 Dei,
1385 1256 1530 1329 praecipue
1545 1252 1640 1309 tidelis
1658 1248 1818 1314 Abrabam,

157 1345 285 1400 Adduxit
295 1347 460 1419 quoqueeis
472 1347 502 1402 in
517 1347 689 1403 memoriam
700 1346 855 1418 praeterita,
868 1347 900 1398 ut
911 1360 945 1399 ex
998 1350 1116 1417 propter
1130 1347 1301 1420 dignitatem
1318 1363 1449 1419 personae
1464 1362 1533 1414 suae,
1550 1348 1577 1398 et
1601 1345 1719 1414 propter
1741 1336 1818 1409 quod

121 1436 277 1507 praeteritis
291 1451 341 1492 eos
356 1435 485 1492 alliceret
500 1437 536 1492 ad
552 1437 628 1492 bona
644 1452 776 1507 quaque.
792 1435 858 1489 Ideo
874 1434 945 1488 sub·
999 1435 1126 1491 maxime
1140 1436 1170 1491 in
1186 1453 1218 1492 eo
1234 1437 1313 1492 istud
1342 1435 1507 1508 contigerit,
1537 1433 1586 1504 qui
1611 1429 1819 1503 longanimiter

115 1525 237 1596 junxit:
255 1548 269 1576 «
285 1526 348 1582 Non
364 1526 442 1581 enim
458 1526 589 1598 injustus
605 1531 691 1593 Deus,
710 1531 741 1580 ut
757 1522 945 1579 obliviscatur
998 1523 1094 1579 serens
1111 1527 1233 1597 adeptus
1247 1531 1291 1582 est
1305 1526 1335 1581 in
1351 1525 1420 1580 filiis
1436 1522 1646 1597 promissiones
1662 1535 1719 1574 non
1732 1517 1818 1573 modo

121 1615 218 1685 operis
233 1615 322 1671 vestri
337 1620 365 1672 et
384 1616 560 1682 dilectionis,
589 1633 677 1688 quam
707 1613 888 1679 ostendistis,
914 1613 944 1667 in
998 1614 1135 1685 praeteriti
1150 1615 1409 1687 temporis,quaein
1422 1612 1528 1687 populo
1539 1609 1725 1683 Deiimpletrs
1738 1609 1819 1674 cunt,

121 1704 240 1760 nomine
253 1704 357 1776 ipsius,
369 1705 418 1776 qui
432 1704 605 1760 ministratis
618 1705 739 1775 sanctis,
755 1708 785 1759 st
796 1703 943 1758 ministra·
999 1703 1050 1758 sed
1064 1704 1158 1776 magis
1172 1705 1261 1760 ctiam
1271 1703 1301 1759 in
1313 1704 1457 1770 futurum,
1469 1700 1679 1774 promissiones
1690 1698 1720 1753 in
1731 1694 1818 1763 illios,

121 1790 170 1846 tis.
185 1814 195 1840 ι
218 1792 289 1848 llece
319 1793 465 1865 quomodo
488 1793 627 1849 recreavit
651 1793 766 1849 animas
790 1808 892 1848 sorum
917 1796 945 1847 et
960 1823 984 1890 B
999 1807 1073 1863 quos
1085 1791 1256 1849 bonitasDei
1265 1794 1302 1849 de
1311 1790 1459 1865 lapidibus
1472 1789 1606 1863 gentium
1618 1784 1780 1854 suscitavit,
1791 1786 1820 1840 et

121 1881 307 1950 confortavit,
320 1881 440 1953 antiqua
456 1881 498 1937 eis
526 1882 555 1936 in
581 1887 710 1938 mentem
735 1898 892 1938 revocans:
918 1883 946 1935 et
1000 1880 1068 1936 lecit
1082 1897 1132 1937 eos
1147 1882 1176 1937 in
1190 1882 1246 1938 fide
1260 1899 1325 1938 esse
1339 1882 1415 1938 filios
1430 1879 1563 1937 Abrahae.
1590 1874 1819 1933 promissionem

121 1969 263 2040 ieciteos‚
291 1974 323 2025 ut
348 1987 406 2025 non
432 1971 611 2027 aestimarent
636 1970 767 2026 oblivisci
795 1975 895 2041 Deum,
918 1972 947 2024 et
999 1969 1180 2039 enim,dico,
1197 1976 1316 2042 operata
1330 1975 1376 2027 est
1390 1968 1600 2043 longanimitas
1615 1962 1772 2028 audientis,
1792 1963 1822 2015 st

122 2059 268 2131 preterita
282 2060 346 2130 ejus
360 2060 501 2115 beneficia
515 2060 545 2115 in
561 2077 620 2116 eos.
644 2061 768 2116 Necesse
796 2064 840 2116 est
867 2059 946 2114 enim
1000 2059 1688 2133 exspectantisbaereditatempromissam,quam
1700 2049 1820 2126 pusilla·

122 2162 189 2202 eum
208 2162 335 2218 peccare,
352 2148 398 2202 oui
418 2164 486 2220 spes
509 2148 602 2204 deerit
630 2150 808 2204 futurorum.
836 2148 946 2204 Deinde
1001 2148 1095 2204 simas
1110 2153 1138 2204 et
1152 2149 1293 2205 increduli
1307 2151 1395 2206 verbo
1410 2149 1460 2205 Dei
1488 2165 1546 2203 non
1569 2146 1688 2216 luerunt
1712 2138 1820 2212 adepti,

122 2235 259 2293 hortatur
273 2252 322 2293 eos
333 2237 362 2291 in
378 2237 516 2293 omnibus
525 2255 642 2310 sperare
650 2239 760 2293 lutura.
772 2239 845 2293 Eum
855 2237 945 2303 enim,
1000 2237 1076 2292 sicut
1086 2238 1219 2310 plurima
1233 2239 1350 2295 illorum
1366 2239 1396 2294 in
1411 2240 1526 2295 deserto
1542 2235 1628 2309 periit
1650 2229 1820 2288 multitude.

123 2324 175 2397 qui
189 2326 324 2397 desperat
339 2326 374 2380 de
389 2327 583 2396 praesentibus
598 2327 747 2382 beneflciis
763 2327 823 2396 Dei,
835 2327 912 2398 quod
929 2342 947 2382 a
1000 2327 1093 2390 Quam
1109 2327 1234 2400 impium
1244 2334 1287 2384 est
1300 2327 1478 2398 Deojuranti
1491 2343 1548 2383 non
1563 2324 1679 2380 credere
1690 2321 1697 2377 l
1708 2317 1821 2376 duravit

122 2413 181 2469 Deo
196 2429 253 2469 non
269 2414 384 2481 babeat,
398 2415 433 2470 de
444 2415 552 2471 futuris
563 2417 802 2488 ocnt'ortarequis
817 2416 946 2489 poterit?
1000 2416 1077 2470 onim
1092 2415 1170 2472 Deus
1186 2435 1237 2490 per
1252 2418 1454 2489 semetipsum,
1471 2416 1540 2487 quia
1555 2412 1702 2469 neminem
1717 2407 1821 2465 habuit

123 2502 224 2559 Simile
240 2504 309 2575 quid
325 2503 435 2560 Galatis
445 2507 509 2575 v‚7,
522 2506 710 2577 improperat,
723 2506 839 2562 dicens:
853 2506 945 2561 «Cur-
1000 2506 1152 2576 majorem,
1169 2524 1220 2577 per
1235 2523 1323 2579 quem
1334 2507 1458 2578 juraret.
1470 2502 1627 2561 Potesthio
1640 2514 1774 2573 persona,
1789 2496 1820 2551 in

123 2592 234 2648 rebstie
250 2593 332 2649 bene.
349 2595 490 2659 Quisnam
507 2612 557 2651 vos
573 2595 727 2651 fascinavit
737 2595 750 2650 t
762 2616 777 2647 ι
793 2600 886 2667 Atque
896 2595 946 2652 ite·
1000 2592 1054 2649 hoc
1067 2596 1244 2664 juramento,
1259 2595 1310 2651 Dei
1321 2595 1415 2652 Patris
1426 2593 1560 2665 intelligi,
1572 2591 1623 2665 qui
1634 2591 1671 2646 de
1681 2587 1753 2644 Filio
1766 2600 1820 2642 suo

123 2697 209 2736 rum:
227 2704 240 2731 ιι
258 2683 351 2738 Tanta
364 2685 444 2755 passi
459 2683 530 2740 estis
545 2684 608 2740 sine
618 2686 729 2740 causat
741 2707 755 2734 n
769 2686 839 2754 (Gal.
853 2702 894 2755 ιιι,
907 2684 945 2754 t.)
999 2684 1094 2740 eidem
1109 2676 1278 2757 patriarcha
1295 2684 1440 2755 promisit,
1455 2683 1574 2739 dicens:
1591 2682 1627 2736 Et
1653 2678 1683 2734 in
1708 2677 1820 2734 semine

124 2769 160 2825 Ut
188 2775 286 2825 tamen
314 2771 461 2844 mitigaret
487 2775 620 2829 eamdem
659 2773 847 2843 sententiam,
879 2790 945 2830 mox
999 2775 1049 2828 tuo
1066 2774 1274 2829 benedicentur
1290 2791 1391 2830 omnes
1419 2777 1519 2846 gentes
1542 2776 1624 2827 terrm
1646 2768 1723 2841 (Gen.
1749 2780 1818 2835 xxvi,

123 2858 332 2930 subjungit:«
347 2860 377 2914 Si
401 2865 498 2916 tamen
529 2862 593 2917 sine
621 2879 721 2917 eausa.
739 2885 752 2911 ιι
782 2863 828 2917 Sic
857 2863 945 2918 etiam
1001 2862 1158 2933 18).oNon
1175 2862 1319 2918 dicitsin
1335 2862 1510 2928 seminibus,
1523 2882 1537 2910 ιι
1554 2861 1700 2916 utbeatus
1711 2855 1820 2912 Paulus

123 2946 178 3004 hoc
207 2947 270 3003 loco
298 2948 471 3020 temperavit
498 2950 674 3006 sententiam
703 2966 798 3017 suam,
829 2950 943 3006 dicens:
1000 2951 1029 3007 in
1047 2951 1103 3007 alia
1118 2952 1300 3007 demonstrat
1315 2951 1445 3023 Epistola
1459 2951 1537 3022 (Gal.
1554 2965 1597 3016 ru,
1616 2946 1777 3018 lb):sed,«
1790 2943 1819 2998 in

122 3035 185 3094 lton
215 3035 293 3092 enim
323 3036 452 3106 injustus
480 3042 567 3103 Deus,
598 3043 630 3093 ut
656 3037 845 3094 obliviscatur
881 3056 947 3111 ops·
1000 3041 1186 3109 seminetuo,
1204 3038 1404 3109 >›bocest,in
1424 3038 1551 3094 Christo.
1581 3036 1667 3092 Jurat
1690 3031 1768 3089 enim
1792 3034 1821 3088 et

123 3124 165 3180 ris
179 3125 278 3192 vestri,
294 3127 364 3182 dum
381 3130 493 3182 tantam
524 3126 696 3182 charitatem
721 3128 891 3184 ostendistis
915 3129 945 3183 in
1001 3129 1078 3185 idem
1094 3129 1229 3185 Christus
1242 3129 1272 3185 iu
1289 3128 1453 3201 Evangelio,
1469 3126 1588 3182 dicens:
1606 3125 1722 3180 «Amen
1734 3136 1820 3177 amen

123 3214 245 3272 sanctis.
261 3214 405 3270 Volumus
417 3213 495 3269 enim
510 3232 561 3270 vos
576 3215 739 3271 imitatores
753 3232 854 3272 eorum
869 3233 945 3285 esse,
961 3189 983 3256 (Ῑ
1002 3218 1065 3273 dico
1078 3218 1175 3286 vobis;
1192 3242 1203 3271 ι
1222 3222 1250 3273 et
1260 3217 1323 3290 ipse
1338 3215 1602 3290 persemetipsum,
1615 3212 1685 3285 quia
1696 3209 1822 3282 neeipss

124 3302 175 3375 qui
190 3320 242 3375 per
257 3303 344 3358 fidem
359 3307 388 3358 et
404 3302 575 3373 patientiam
592 3304 752 3360 baereditati
766 3305 858 3378 (1409)
878 3310 948 3365 sunt
1002 3306 1252 3378 habuitmajorem
1264 3323 1315 3380 per
1328 3306 1546 3379 quemjuraret.
1559 3325 1573 3354 ιι
1584 3301 1762 3359 Benedicene
1772 3298 1822 3356 be·

125 3391 350 3463 promissiones.
1003 3396 1136 3450 nedicam
1148 3398 1186 3463 te,
1204 3418 1218 3446 ιι
1234 3396 1288 3452 hoc
1303 3396 1332 3452 in
1349 3394 1441 3452 stellis
1456 3392 1533 3461 cmii,
1558 3408 1609 3464 per
1630 3406 1704 3462 quas
1728 3386 1823 3446 sancti

163 3481 257 3544 Quare
270 3496 336 3536 vero
351 3479 529 3536 desiderium
545 3480 665 3538 haberet
679 3483 715 3538 dc
729 3482 824 3540 saluta
835 3501 947 3553 eorum,
1004 3485 1194 3556 designantur
1209 3486 1245 3541 de
1260 3487 1324 3557 ejus
1339 3484 1451 3542 semine
1466 3481 1567 3552 futuri,
1584 3478 1708 3551 intelligi
1729 3480 1825 3552 potest

125 3569 261 3639 sequenti
276 3569 403 3625 ostendit
417 3569 602 3642 allegatione,
630 3571 749 3627 dicens:
776 3596 791 3623 ιι
807 3574 949 3647 Cupimus
1004 3575 1125 3631 dictum.
1139 3598 1153 3626 ιι
1168 3574 1366 3648 Multiplicsns
1382 3571 1583 3646 multiplicabo
1599 3574 1637 3637 te,
1651 3591 1665 3619 n
1681 3572 1710 3625 et
1725 3568 1780 3624 hoo
1794 3566 1825 3622 in
1906 3568 1909 3574 “

125 3657 204 3712 enim
220 3673 460 3729 unumquemque
486 3663 618 3715 vestrum
643 3662 778 3717 eamdem
802 3666 950 3721 ostentare
1004 3680 1092 3720 arena
1107 3664 1207 3732 maris,
1231 3680 1281 3736 per
1309 3680 1398 3736 quam
1428 3664 1594 3736 peccatores
1620 3657 1721 3732 populi
1744 3655 1826 3713 illius

125 3744 352 3802 sollicitudinem
368 3747 404 3801 ad
420 3745 615 3819 expletionem
630 3750 692 3820 spei
703 3766 795 3822 usque
807 3750 836 3805 in
848 3752 948 3818 linem,
1003 3752 1152 3822 designari
1167 3758 1292 3824 possunt
1303 3770 1310 3819 3
1322 3757 1446 3824 utraque
1458 3751 1537 3808 enim
1547 3749 1704 3806 Dominum
1717 3747 1828 3804 dixisse

126 3837 230 3889 utnon
247 3850 351 3906 segnes
371 3835 574 3890 efficiamini.»
590 3836 800 3893 Desideramus
810 3854 889 3906 vero,
903 3839 948 3894 in·
1004 3839 1123 3911 legitur,
1140 3840 1263 3895 ubisit:
1282 3862 1295 3890 ι
1309 3841 1344 3894 st
1359 3839 1412 3895 erit
1428 3854 1528 3895 semen
1545 3842 1630 3893 tuum
1643 3837 1720 3893 sicut
1735 3833 1826 3890 stella

125 3921 200 3994 quit,
217 3938 275 3977 non
291 3927 407 3977 tantum
423 3922 500 3978 circa
514 3925 611 3994 verba,
627 3925 777 3980 sedetiam
794 3927 823 3980 in
834 3926 950 3982 virtuti·
1005 3929 1078 3996 coeli,
1094 3932 1123 3982 et
1137 3928 1215 3984 sicut
1229 3944 1317 3983 arena
1332 3944 1396 3999 quse
1412 3930 1457 3983 est
1471 3927 1503 3981 in
1518 3926 1616 3981 littore
1633 3924 1724 3981 maris
1747 3922 1825 3994 (Gen.

125 4012 181 4067 bus
196 4011 372 4078 conversari,
389 4027 448 4066 non
463 4012 547 4083 quasi
565 4013 663 4083 priora
676 4018 771 4069 vestra
786 4013 948 4087 culpantes,
1004 4017 1170 4087 xx11,l7l.»

125 4101 175 4156 sed
191 4106 225 4155 ut
239 4101 274 4156 de
290 4100 398 4155 suturis
413 4098 531 4155 solliciti
548 4101 612 4157 sitis
624 4102 826 4173 admonentes,
838 4104 893 4160 hoo
905 4110 951 4161 est
1043 4128 1058 4156 ιι
1073 4104 1212 4161 Homines
1227 4105 1307 4160 enim
1323 4119 1373 4176 per
1386 4103 1527 4174 msj0rem
1548 4117 1636 4157 suum
1661 4101 1774 4171 jurant,
1799 4102 1828 4156 et

125 4189 227 4260 quales
243 4188 342 4245 fuistis
358 4190 498 4260 primum,
516 4188 590 4245 tales
605 4207 655 4246 vos
671 4192 808 4263 cupimus
824 4194 949 4250 etmodo
1005 4195 1102 4251 omnis
1115 4193 1318 4250 controversiae
1334 4209 1434 4250 eorum
1449 4191 1517 4248 finis
1528 4191 1563 4246 ad
1575 4189 1827 4249 confirmationem

125 4293 190 4334 esse
205 4283 233 4334 et
256 4279 286 4333 in
303 4280 448 4334 futurum.
474 4278 509 4334 itt
525 4295 583 4334 non
600 4278 682 4350 dixit,
699 4279 774 4352 volo,
798 4283 876 4353 quod
906 4289 951 4339 est
1005 4289 1050 4340 est
1060 4286 1275 4355 juramentum.
1287 4306 1300 4333 ιι
1317 4283 1346 4339 Si
1362 4282 1451 4354 igitur
1466 4280 1637 4338 hominibus
1653 4279 1826 4336 infuturum

125 4366 310 4422 auctoritatis
326 4367 476 4434 doctrinae3
494 4368 545 4423 sed
561 4369 640 4439 quod
655 4373 717 4424 erat
731 4374 859 4442 paterna
875 4370 950 4427 dile·
1005 4374 1183 4430 credendum
1200 4378 1254 4439 est,
1271 4374 1305 4428 de
1320 4371 1428 4444 quibus
1443 4370 1552 4426 dicitur
1566 4385 1618 4442 per
1631 4368 1824 4440 Prophetam:

125 4454 242 4512 ationis.
259 4455 319 4511 Hoc
334 4459 389 4524 est,
405 4456 542 4529 cupimus
559 4474 801 4531 unumquemque
819 4463 950 4516 vestrum
1006 4485 1020 4513 ιι
1036 4461 1138 4518 Omnis
1154 4462 1242 4518 homo
1270 4461 1395 4517 mendax
1418 4461 1505 4532 (Psat.
1535 4475 1597 4526 cxv,
1612 4459 1641 4529 2)
1653 4473 1687 4513 »ι
1718 4461 1829 4529 quanto

124 4543 271 4611 eamdem,
286 4561 375 4616 quam
388 4544 457 4602 olim
473 4545 630 4617 habuistis,
659 4545 890 4604 sollicitudinem
913 4551 949 4605 ad
965 4552 989 4618 D
1005 4551 1102 4623 magis
1117 4551 1167 4607 Dei
1179 4553 1349 4623 J'ursmsnto
1365 4550 1443 4606 credi
1459 4549 1554 4618 debet,
1571 4546 1620 4620 qui
1640 4549 1685 4603 est
1711 4545 1854 4613 veritas„

124 4631 319 4704 expletionem
334 4633 407 4705 spei,
424 4634 516 4705 idest,
530 4634 756 4692 haberedebetis
769 4635 799 4691 in
811 4640 950 4693 eternam
1006 4640 1055 4711 qui
1069 4657 1121 4696 neo
1136 4639 1209 4707 salli,
1225 4655 1277 4695 nee
1293 4638 1410 4694 mentiri
1426 4637 1541 4710 potest?
1551 4635 1690 4698 Homines
1700 4651 1752 4708 psr
1767 4651 1829 4694 ma.-

124 4722 383 4778 resurrectionem.
414 4745 428 4772 ιι
444 4721 553 4778 Verum
575 4723 876 4791 imitatoreseorum,
899 4726 950 4798 qui
1001 4723 1829 4800 JoremsuiJurant3etomniscontroversiaeeorumiinie

124 4811 183 4868 fide
197 4814 227 4867 et
241 4811 384 4883 patientia
398 4810 612 4867 hereditabunt
622 4814 866 4884 promissiones.»
878 4814 951 4871 Hor·
1006 4818 1042 4873 ad
1056 4817 1310 4873 confirmationem
1326 4821 1372 4873 est
1383 4817 1598 4887 jurameutum,
1615 4818 1702 4888 prout
1715 4814 1741 4870 si
1756 4813 1831 4869 dire·

123 4905 204 4956 tatur
218 4899 297 4955 enim
314 4899 463 4954 auditores
479 4916 560 4966 suos,
593 4905 628 4956 ut
656 4902 714 4957 fide
742 4919 800 4958 non
830 4904 898 4959 sicta
924 4908 953 4960 et
1006 4907 1128 4962 remiis
1142 4906 1196 4961 hoc
1212 4903 1337 4960 solvitur
1357 4906 1447 4961 totius
1474 4902 1675 4964 controversie
1700 4902 1829 4974 discepto

124 4987 267 5059 patientia
282 4988 411 5060 perlecta
425 4991 594 5059 exspectent
609 4988 822 5059 promissiones
844 4990 894 5046 Ilei
924 4995 952 5048 et
1005 4995 1056 5062 tio,
1073 5011 1130 5050 uon
1147 4993 1404 5065 uniuscujuslibet,
1422 4994 1472 5049 sed
1484 4993 1583 5051 totius.
1596 4989 1828 5064 Oportebatqui-

122 5076 310 5134 hereditates
326 5093 401 5149 quas
415 5077 526 5133 sanctis
541 5075 605 5132 suis
626 5077 772 5149 promisit.
1006 5086 1072 5141 dem
1088 5084 1151 5140 sine
1162 5084 1332 5154 juramento
1347 5084 1464 5141 eredere
1478 5083 1547 5152 Deo,
1564 5083 1615 5138 sed
1621 5082 1724 5153 jurare
1735 5078 1828 5137 Deum

160 5170 195 5220 Et
209 5166 264 5222 hoc
280 5167 397 5222 firmius
411 5165 554 5238 exemplis
569 5167 756 5222 corroborare
771 5167 885 5237 nititur,
906 5168 950 5225 di·
1005 5174 1085 5230 dicit.

123 5270 195 5311 cens
207 5272 214 5309 ι
227 5278 241 5305 ιι
254 5255 378 5310 Abrabae
391 5254 698 5327 namquepromittens
710 5260 797 5323 Deus,
809 5258 949 5329 quoniam
1041 5285 1055 5312 ιι
1072 5264 1103 5317 ln
1119 5278 1176 5333 quo
1192 5261 1393 5317 abundantius
1406 5260 1507 5317 volens
1519 5264 1593 5315 Deus
1603 5259 1757 5314 ostendere
1766 5254 1828 5328 pol·

123 5345 273 5401 neminem
285 5345 398 5415 habuit,
411 5362 461 5417 per
475 5345 696 5417 quemjuraret,
710 5347 861 5418 majorem,
870 5348 951 5418 jura·
1003 5349 1179 5406 licitationes
1193 5350 1370 5417 baeredibus,
1386 5348 1683 5418 immobilitatemque
1711 5343 1828 5403 consilii

122 5434 164 5490 vit
178 5450 228 5504 per
243 5435 446 5507 semetipsum,
463 5435 581 5490 dicens:
599 5433 773 5490 Benedicam
784 5441 860 5503 te,et
871 5436 949 5493 mul·
1005 5440 1060 5496 sui.
1074 5461 1088 5489 ιι
1104 5440 1258 5511 Propterea
1272 5439 1360 5496 etiam
1374 5439 1464 5509 th'us
1480 5433 1686 5509 promissionis
1701 5433 1826 5491 mentio·

123 5519 261 5593 tiplicans
272 5523 517 5595 multiplicabote.
530 5521 612 5578 Etsic
623 5521 830 5595 longanimiter
841 5526 947 5600 terens,
1004 5545 1069 5586 nem
1084 5528 1163 5596 iacit,
1180 5544 1244 5599 qua
1260 5529 1297 5584 ad
1313 5544 1367 5583 nos
1380 5523 1546 5581 communis
1568 5522 1644 5579 lacta
1670 5528 1733 5580 est:
1762 5546 1777 5575 ιι
1794 5522 1827 5582 Iu

159 5619 251 5692 (1409)
265 5620 306 5677 lix
319 5627 465 5694 sequent,
481 5625 509 5677 ct
523 5621 732 5679 Ambrosiastri
748 5627 836 5695 texto,
852 5622 1010 5698 legendum
1025 5631 1102 5686 esset
1116 5625 1319 5684 laareditotcri.
